2782 4554
581 322 583 328 Ι
664 235 705 298 25

109 403 216 474 deberi
228 408 303 474 inde
326 410 505 488 concludes,
527 403 614 493 quod
636 411 719 475 inter
741 411 907 475 Romanos
930 412 1088 477 Pacuvius
1108 425 1200 476 suam
1224 413 1282 476 ad·

111 506 314 589 Sophocleum
346 499 513 592 ‘exemplar
549 511 759 591 compositam
795 510 908 592 Niptra
944 509 1150 593 inscripsit¹ll
1202 511 1268 575 Nec
1360 544 1361 547 ¹

64 676 69 683 ,
115 603 199 686 lugiet
237 608 269 669 te
314 626 414 689 quam
462 609 545 673 male
594 628 646 674 eo·
670 608 796 674 fabulae
835 614 1062 690 argumentum
1102 609 1270 673 indicetur.

117 703 210 786 Neque
232 703 319 768 enim
341 710 447 786 potest
470 709 528 772 nisi
552 709 595 772 ab
616 709 754 772 ineuntis
775 708 903 772 fabulae
929 727 1025 772 scena
1043 710 1179 791 petitum
1200 726 1268 771 esse

118 802 232 865 minime
273 803 386 885 insigni
396 806 436 885 ²),
483 826 521 871 ao
564 809 671 891 potius
712 808 744 871 in
785 807 838 870 tali
881 807 974 871 titulo
1017 809 1154 872 nobilius
1192 808 1270 872 illud

119 899 266 966 lavacrum
303 905 509 986 cogitaretur,
546 908 578 971 in
620 927 685 989 quo
724 907 829 970 Ulixes
867 907 910 971 ab
943 906 1086 970 Eurioleu
1117 925 1271 986 recogno-

120 1000 245 1079 scitur⁸l.
300 1001 366 1065 Nec
400 1002 488 1066 deest
521 1004 679 1067 immutati
710 1004 821 1067 indicis
850 1003 1051 1085 exemplum,
1091 1003 1270 1066 memineris

123 1099 224 1176 nodo,
273 1099 515 1181 Dicaearchum,
557 1106 592 1165 ut
634 1103 704 1183 ipsa
747 1119 796 1166 res
840 1101 1090 1182 significaretur,
1139 1103 1269 1165 Aiacem

121 1197 241 1271 Αἴαντος
282 1197 438 1261 θάνατον
480 1200 592 1264 dixisse
633 1203 675 1281 (v.
706 1220 772 1281 arg.
801 1201 897 1284 Soph.
928 1201 1026 1280 Al.).‘
1062 1201 1129 1264 lam
1175 1200 1269 1280 igitur

121 1298 151 1362 ita
171 1317 219 1361 res
240 1317 275 1361 se
297 1298 405 1377 habet,
425 1304 462 1362 ut
478 1299 635 1363 Pacuvius
659 1305 818 1365 mutatum
841 1302 905 1364 iam
923 1300 1121 1381 Sophocleae
1142 1299 1268 1362 titulum

121 1395 261 1475 habuerit,
283 1399 441 1478 genuinus
462 1386 571 1463 autem
593 1417 676 1463 unns
698 1404 827 1464 maneat
846 1397 1021 1470 Ὀδυσσεύς
1038 1395 1271 1479 anapaestus.

120 1495 155 1560 hc
174 1495 288 1577 plenus
308 1497 360 1560 hic
385 1498 511 1562 videtur
531 1500 606 1562 inde
628 1499 670 1562 ab
692 1500 782 1562 initio
804 1500 971 1581 inscriptus
994 1500 1099 1562 luisse.
1144 1498 1270 1579 Ubique

120 1596 188 1658 emm
216 1599 339 1659 veteres
368 1597 400 1659 in·
430 1598 593 1662 laudanda
623 1599 682 1662 hac
704 1597 814 1662 fabula
835 1596 1088 1680 αἰκανθααλῆγος
1110 1615 1270 1676 agnomen

119 1698 288 1774 servarunt3
310 1696 396 1776 quod
416 1697 513 1760 semel
535 1698 630 1766 etiam
652 1716 723 1761 eam
745 1697 809 1760 vim
832 1697 967 1776 exhibet,
988 1700 1025 1759 ut
1042 1697 1145 1759 solum
1166 1715 1221 1776 per
1235 1715 1269 1757 se

119 1793 242 1873 positum
265 1795 323 1856 loti
344 1794 437 1858 titulo
455 1796 603 1859 substitui
621 1797 760 1878 potuerit
783 1796 832 1876 (ir.
852 1797 913 1858 416
930 1795 1029 1858 schol.
1051 1795 1080 1858 ll.
1105 1795 1118 1858 1
1137 1814 1167 1856 v.
1189 1793 1271 1872 137),

119 1911 221 1974 nempe
242 1892 317 1974 qnia
340 1893 466 1974 gravior
489 1896 570 1958 tituli
591 1915 666 1977 pars
688 1895 756 1958 fuit.
791 1896 841 1984 'At
858 1913 924 1958 non
940 1895 1064 1958 videtur
1084 1893 1270 1957 inomnium

118 2010 167 2055 usn
188 1992 300 2066 lulsse;
322 1993 420 2056 semel
441 1994 525 2057 enim
548 2013 568 2057 a
589 1994 775 2072 gravissimo
796 1994 948 2074 scriptore
970 1991 1113 2070 (Aristot.
1132 1992 1220 2055 Poet.
1243 2010 1269 2053 c.

118 2091 192 2167 thiu
211 2091 262 2154 cl.
284 2091 404 2155 Nauck.
427 2093 447 2155 l.
467 2093 486 2154 l.
511 2113 542 2175 p.
567 2094 624 2156 182
645 2113 692 2175 sq.
714 2098 746 2156 et
767 2092 842 2173 609)
864 2092 925 2155 alio
947 2090 1076 2154 nomine
1097 2088 1273 2161 Ὀδυσσεύς

116 2193 308 2271 τραυματίας
330 2190 451 2255 dicitur.
493 2192 583 2269 Quae
598 2196 706 2255 tamen
723 2193 859 2255 varietas
875 2193 919 2254 ita
933 2190 1173 2271 explicationem
1193 2208 1273 2252 nan-

114 2288 239 2365 clscitnr,
261 2290 298 2349 ut
312 2291 496 2354 memoriter
510 2292 643 2373 scriptor
652 2290 796 2371 neglecto
807 2291 945 2370 genuino
959 2289 1061 2366 titulo,
1084 2307 1156 2351 cum
1170 2289 1271 2369 ipsam

113 2405 173 2448 rem
184 2390 353 2467 spectaret,
370 2407 409 2452 ea
424 2408 501 2453 voce
518 2408 594 2453 usus
611 2390 660 2466 sit,
680 2409 744 2471 qua
759 2388 856 2453 Ulixis
870 2389 923 2452 illa
937 2387 1080 2451 condicio
1093 2390 1168 2469 apte
1181 2387 1274 2465 signi-

113 2484 260 2564 ficatur⁴).
314 2486 424 2550 Altera
459 2507 536 2552 vero
577 2507 775 2570 quamquam
814 2491 889 2551 item
924 2487 1043 2568 ubique
1082 2487 1145 2549 lere
1179 2485 1274 2566 pleno

111 2584 236 2647 nomine
257 2583 433 2658 Ὀδυσσεύς
454 2585 649 2668 μαινόμενος
670 2587 840 2665 vocatum),
864 2590 973 2649 tamen
995 2585 1138 2648 animum
1161 2583 1274 2646 adver·

110 2687 166 2759 tas
189 2700 288 2764 quam
311 2684 392 2748 hene
409 2687 510 2764 luerit,
532 2689 558 2750 si
580 2689 638 2751 luit
659 2683 834 2758 Ὀδυσσεύς
844 2686 1005 2766 inscripta.
1037 2683 1273 2764 Argumentum

109 2782 191 2845 enirn
220 2785 291 2845 erat
321 2783 361 2846 de
380 2784 531 2848 simulato
554 2786 677 2863 furore,
707 2786 738 2849 in
762 2805 827 2867 quo
849 2783 1049 2864 suscipiendo
1071 2783 1175 2846 Ulixes
1197 2786 1273 2844 tune

109 2882 246 2961 primum
269 2882 416 2964 quamvis
434 2883 548 2946 infelici
566 2903 712 2948 successu
727 2885 877 2947 astutiam
900 2882 986 2946 illam
1004 2881 1274 2960 calliditatemque

109 2981 198 3062 quasi
227 2980 369 3044 divinam
391 2984 587 3063 praestabat,
612 3003 696 3065 quae
718 2984 778 3046 sub
801 3002 889 3046 mero
910 2982 1008 3045 Ulixis
1033 2982 1163 3042 nomine
1183 2978 1275 3041 intel·

109 3079 230 3159 legitur.
271 3080 317 3142 Ue
338 3084 481 3162 tempore
504 3086 624 3160 autem,
645 3101 709 3164 quo
733 3082 793 3145 hae
815 3082 919 3145 editae
941 3082 1019 3158 sint,
1039 3098 1099 3143 nec
1121 3096 1141 3142 a
1161 3075 1275 3140 veteri-

108 3180 170 3242 bus
199 3180 377 3263 quidquam
399 3182 580 3263 accepimus
601 3202 661 3246 nec
682 3202 741 3262 ego
758 3182 911 3246 similiter
938 3185 1036 3263 atque
1064 3179 1096 3241 in
1124 3174 1275 3239 Aiacibus

109 3291 306 3301 ——a--n-——.

182 3335 204 3401 l)
224 3332 306 3385 Haud
331 3331 490 3385 innutanter
514 3330 556 3384 ita
580 3314 722 3384 concludit
739 3329 865 3384 Uindorf.
891 3329 925 3381 ad
953 3326 1034 3395 Soph.
1055 3326 1155 3393 fragm.
1175 3323 1276 3392 12143,

107 3438 159 3474 nec
184 3418 268 3473 aliter
293 3417 403 3470 videtur
426 3416 557 3469 Ribbeck.
577 3416 594 3470 l.
611 3417 629 3469 l.
657 3434 681 3484 p.
700 3417 751 3467 272
775 3416 908 3469 iudicare:
944 3413 1105 3481 »Sophocles
1133 3410 1171 3462 in*
1187 3407 1276 3461 sciner

107 3504 262 3574 Tragoedia
283 3510 392 3572 νίπτρα,
418 3502 463 3556 die
490 3502 614 3571 bitrrfiger
640 3505 720 3556 anter
748 3503 809 3555 dem
829 3501 938 3554 Namen
954 3499 1087 3558 Udvoon'e
1109 3496 1276 3561 α’κανθαπλῄε

106 3590 260 3660 angeldhrt
278 3587 371 3642 wird«.

178 3677 208 3744 2)
227 3676 266 3731 cf.
286 3673 393 3729 Welck.
412 3675 494 3743 Trag.
511 3692 538 3743 p.
558 3675 616 3727 242.

182 3763 209 3831 3)
229 3763 252 3815 A
271 3777 326 3829 quo
345 3763 406 3814 tota
417 3761 553 3829 Odysseae
568 3759 715 3828 rhapsodia
729 3757 1040 3811 undevicesimanomen
1055 3762 1151 3826 νίπτρα
1162 3757 1276 3825 accepit.

180 3847 209 3914 4)
228 3846 268 3902 of.
287 3847 394 3902 Welok.
413 3847 495 3915 Trag.
514 3864 541 3915 p.
561 3846 619 3899 247.
821 3902 828 3915 ,

181 3942 208 4008 5)
227 3940 280 3995 Ubi
299 3941 372 3995 enim
387 3939 519 3999 Ὀδυσσεύς
537 3939 646 4001 dicitur,
667 3938 758 3990 faico
777 3936 856 3990 Phot.
877 3936 928 3990 lex.
941 3954 966 4004 p.
980 3937 1082 4002 240,10,
1100 3950 1155 3987 una
1173 3933 1278 3996 vocula,

105 4043 183 4103 qnae
201 4031 335 4095 servatur,
354 4026 411 4087 utri
431 4024 543 4083 fabulae
562 4025 741 4081 adscribenda
761 4024 870 4084 sitnon
889 4023 986 4099 liquet,
