2782 4554
671 243 709 310 17

96 439 162 487 sua
186 420 476 502 commentatum),
499 419 688 504 posteriores
712 424 738 486 ei
762 421 818 484 aa
840 423 991 504 Ταινάρῳ
1012 424 1102 503 illud,
1124 408 1220 492 modo
1242 444 1277 493 re

95 542 176 587 vera
206 523 248 587 a'd
276 522 411 586 eandem
443 522 585 586 fabulam
615 523 816 586 referendum
846 523 894 600 sit,
922 541 985 585 non
1007 525 1109 588 solum
1134 528 1274 591 certioris

101 621 333 686 nominationis
345 623 448 703 gratia
460 621 662 699 addiderunt,
683 622 738 685 sed
762 622 858 687 etiam
873 641 971 685 unum
990 623 1017 685 ei
1034 614 1274 691 substituerunt.

108 721 216 803 Atque
247 721 292 784 ita
321 722 344 784 si
375 725 461 784 recte
489 721 650 796 statuitur,
689 722 793 784 nescio
824 741 865 784 an
903 721 1160 788 additamentum
1198 710 1274 790 illud

108 821 240 902 petitum
251 839 319 883 esse
331 821 428 901 possit
436 840 475 883 ex
491 823 597 883 vetere
613 820 720 901 aliqua
729 820 946 897 annotatione,
969 822 1078 902 quales
1090 824 1129 886 de
1142 810 1274 889 actionis

109 919 175 983 loco
203 917 384 992 ὑποθέσεις
411 918 527 984 fabulis
556 921 784 1001 praescriptae,
816 911 953 982 maxime
983 919 1055 999 eae,
1096 942 1178 1004 quae
1211 925 1271 987 sub

114 1017 331 1099 Aristophanis
350 1019 549 1098 grammatici
566 1019 694 1081 nomine
712 1018 866 1096 feruntur,
888 1020 1048 1098 exhibent,
1072 1042 1143 1085 curn
1159 1024 1274 1088 dicitur

112 1115 130 1194 ἠ
148 1117 247 1200 σκηνή
269 1113 433 1179 eulaeum
455 1117 513 1195 iu,
537 1117 616 1181 iob.
668 1118 718 1181 Ad
745 1118 879 1181 certiora
899 1123 1007 1181 autem
1029 1119 1163 1184 fortasse
1183 1123 1274 1186 nobis

117 1217 280 1280 ascendere
309 1217 430 1294 liceret,
460 1217 485 1280 si
515 1220 604 1280 vetus
624 1221 802 1298 superesset
822 1217 1070 1299 Sophoclearum
1093 1222 1273 1288 fabularum
1380 1227 1382 1231 ’

117 1314 229 1379 tabula.
316 1350 322 1361 ·

627 1514 697 1580 par.
722 1497 755 1562 e.

90 1626 92 1635 '
197 1622 263 1687 lam
296 1642 371 1686 vero
408 1623 490 1686 inter
524 1623 607 1704 ipsas
645 1622 848 1703 cognomines
886 1622 1009 1686 tabulas
1048 1623 1276 1705 simplicissima

120 1736 220 1784 carum
251 1723 334 1785 ratio
363 1725 427 1799 est,
458 1721 594 1803 quaein
617 1720 728 1785 eadem
754 1721 926 1784 didascalia
948 1723 1137 1786 coniunctim
1162 1724 1274 1788 doctae

109 1823 193 1897 eunt.
236 1819 380 1898 Quarum
399 1840 499 1884 unum
518 1823 619 1884 exstat
637 1821 798 1900 egregium
816 1819 1007 1902 exemplum,
1029 1820 1176 1904 Aeschyli
1196 1823 1275 1887 Pro-

121 1920 238 1984 methea
268 1920 403 2001 trilogia.
455 1921 562 2002 Atque
602 1919 669 1981 eius
703 1918 844 2000 singulos
884 1918 1001 1982 indices
1036 1920 1090 2001 qui
1122 1920 1273 1999 feruntur,

122 2018 309 2102 Προμηθεύς
329 2017 506 2102 δεσμώτης,
528 2024 570 2081 Π.
588 2015 754 2098 inciperes,
777 2023 818 2080 11.
837 2016 1031 2098 niueoque)
1053 2038 1110 2099 per
1132 2039 1165 2082 se
1187 2024 1276 2103 patet
1307 2084 1309 2087 ,

123 2114 221 2182 ldsihi
245 2119 335 2196 velle,
358 2121 393 2182 ut
415 2117 598 2183 Promethei
620 2137 669 2180 res
693 2117 804 2198 quales
828 2118 860 2179 in
882 2116 1010 2196 singulis
1034 2116 1148 2180 fabulis
1172 2122 1274 2182 essent

124 2215 233 2294 planius
261 2217 568 2282 circumscribantur.
619 2215 689 2291 Qua
724 2216 763 2279 de
800 2233 897 2278 causa
935 2217 1030 2278 etiarn
1062 2217 1180 2298 ubique
1211 2217 1275 2281 fere

125 2313 252 2396 singulae
282 2317 384 2399 plenis
404 2315 586 2381 nominibus
608 2315 822 2392 uocantum„
849 2315 936 2377 Itane
966 2333 1042 2378 vero
1071 2315 1128 2397 ipsi
1162 2320 1276 2396 poetae

126 2478 305 2494 ἱ--ι-ιι

113 2572 116 2577 ’
181 2585 207 2652 l)
226 2583 256 2641 Si
277 2585 359 2639 modo
378 2585 490 2639 omnino
507 2585 543 2639 ab
561 2585 680 2639 Hercule
694 2584 843 2652 Sophocles
856 2584 992 2653 satyricae
1006 2584 1116 2638 fabulae
1129 2602 1274 2654 argumen-

123 2668 171 2720 tum
188 2669 297 2739 petirit,
316 2687 350 2725 ne
368 2671 397 2724 in
417 2688 449 2726 eo
468 2671 579 2739 quidem
599 2670 684 2724 alieni
703 2669 855 2737 quidquam
874 2672 924 2733 est,
944 2671 1017 2737 quod
1035 2687 1140 2724 merum
1149 2671 1274 2725 Herculis

125 2768 209 2810 nomen
227 2754 377 2825 inscripsit.
421 2757 600 2811 Memorabile
626 2759 719 2810 autem
745 2758 787 2810 est
805 2755 931 2808 Herculis
949 2772 1094 2824 personam
1113 2757 1275 2810 destitutam

122 2837 217 2894 heroica
242 2841 292 2894 illa
317 2840 482 2912 altitudine,
508 2841 585 2910 quali
604 2841 751 2910 Sophocles
774 2857 834 2894 eam
853 2840 883 2894 in
901 2840 1062 2912 Trachiniis,
1081 2841 1226 2911 Euripides
1245 2842 1273 2896 in

122 2922 226 2981 Hercule
242 2927 398 2995 praeditam
415 2927 567 2992 finxerunt,
594 2927 742 2995 paullatim
761 2926 817 2979 iam
836 2925 865 2978 in
884 2925 1034 2980 humiliora
1053 2926 1159 2992 delabi3
1178 2926 1273 2980 comici

121 3010 181 3063 cuim
209 3028 271 3066 eam
299 3015 449 3082 occupant,
477 3013 554 3067 velut
579 3012 775 3080 Aristophanes
800 3011 828 3063 in
853 3012 956 3065 Avibus
986 3015 1052 3076 (aet.
1072 3012 1113 3066 Ol.
1132 3013 1173 3075 91,
1192 3013 1221 3079 2)
1245 3015 1275 3065 et

120 3092 243 3150 inbonis
262 3099 327 3166 (act.
345 3097 386 3152 Ol.
407 3100 447 3161 93,
460 3098 496 3167 3).
538 3098 637 3165 Itaque
656 3097 729 3164 quod
748 3097 895 3164 Sophocles
912 3097 985 3151 inter
1003 3101 1109 3165 satyros
1128 3097 1274 3150 Herculem

120 3181 248 3249 produxit,
266 3182 330 3237 inde
349 3182 379 3235 ni
396 3182 478 3238 fallor
496 3184 613 3237 efficitur
631 3183 703 3236 hanc
720 3181 843 3235 fabulam
862 3181 898 3235 ab
918 3198 949 3236 eo
969 3182 1019 3236 suh
1034 3185 1188 3236 extremum
1201 3182 1275 3236 vitae

118 3266 225 3339 tempus,
243 3267 319 3320 hund
335 3267 378 3322 ita
395 3268 514 3321 multum
532 3272 598 3323 ante
616 3268 657 3323 01.
676 3269 717 3332 93,
735 3268 759 3332 3,
779 3268 888 3321 doctam
907 3285 971 3322 esse.

176 3360 207 3428 2)
224 3360 284 3414 Hoc
309 3359 383 3415 euim
403 3361 502 3416 ordine
527 3379 555 3417 se
581 3359 749 3430 excipientes
774 3360 881 3415 fabulas
907 3359 1048 3429 trilogiam
1074 3360 1193 3415 effecisse
1217 3362 1274 3415 iam

118 3443 220 3499 ridetur
237 3446 313 3500 inter
330 3447 475 3515 plerosque
494 3449 628 3502 constare.

176 3531 206 3598 3)
225 3531 302 3596 Quod
321 3548 512 3601 nonnusquam
533 3535 669 3602 superstes
684 3533 815 3599 δεσμώτης
833 3532 884 3585 sub
899 3547 974 3584 mero
990 3530 1148 3584 Promethei
1164 3532 1275 3585 nomine

118 3618 282 3671 memoratur
300 3617 394 3688 (schol.
403 3618 482 3673 Pind.
493 3619 575 3687 Pyth.
587 3619 654 3684 5,35,
672 3619 709 3672 lo.
719 3618 807 3672 Tzetz.
816 3634 892 3686 exeg.
910 3616 938 3669 in
951 3616 982 3670 ll.
994 3634 1019 3686 p.
1029 3616 1114 3680 5234,
1132 3616 1169 3672 id.
1181 3635 1205 3686 p.
1218 3618 1275 3676 153,

116 3698 234 3756 Eustath.
253 3701 285 3757 Il.
304 3720 331 3771 p.
352 3702 479 3768 1389,61‚
498 3703 536 3760 id.
557 3723 582 3774 p.
601 3705 691 3768 503,4,
717 3702 863 3757 Antiattic.
892 3701 977 3756 Beklr.
1001 3703 1095 3756 anecd.
1114 3720 1140 3771 p.
1162 3703 1276 3772 uela),

115 3787 187 3843 varia
203 3787 313 3842 ratione
332 3788 442 3843 videtur
461 3790 593 3859 explicari
612 3806 697 3858 posse.
733 3789 789 3841 Aut
808 3788 880 3841 euim
900 3788 929 3840 hi
942 3787 1096 3856 scriptores,
1111 3786 1178 3841 item
1193 3795 1276 3856 atque

112 3872 139 3926 in
152 3873 208 3927 alio
220 3873 281 3927 loco
293 3872 388 3928 statim
404 3874 545 3929 afferendo
559 3877 662 3929 factum
675 3891 733 3928 esse
746 3874 894 3928 verisimile
906 3874 1047 3937 habemus,
1067 3890 1122 3927 non
1133 3874 1276 3929 nominata

111 3961 186 4035 sarta
203 3959 302 4013 fabula
319 3962 409 4014 totam
425 3960 566 4030 trilogiam
585 3960 716 4023 dixerint,
736 3962 786 4013 aut
804 3959 859 4012 iam
878 3976 934 4014 non
955 3960 1038 4013 aliam
1056 3959 1185 4028 trilogioe
1199 3960 1278 4012 fabu-

109 4043 166 4100 lum
184 4042 344 4109 habuerint,
365 4043 419 4099 nisi
438 4063 522 4114 quarn
541 4063 590 4101 nos
608 4045 774 4115 accepimus.

90 4144 92 4157 '
187 4154 353 4207 <mummi
1090 4133 1113 4188 ‘A
