2782 4554
679 246 716 309 18
1076 315 1080 320 ,
1297 246 1306 283 l

119 424 292 506 agnomina
323 425 375 488 illa
404 425 581 489 debentur?
622 424 688 504 Ego
718 425 846 506 quidem
876 424 963 488 haud
991 425 1164 490 dubitarim
1193 426 1279 490 aliter
1297 410 1304 439 ³

115 524 281 603 censere¹).
323 524 435 589 Totius
457 525 541 588 enim
558 523 700 604 trilogiae
717 528 942 604 argumentum
958 525 1000 588 ab
1011 544 1078 589 uno
1088 525 1275 591 Prometheo
1295 554 1298 559 ·

115 624 244 706 pendet,
265 624 355 688 cuius
377 624 434 687 etsi
456 627 580 688 mutata
602 622 633 687 in
657 622 788 704 singulis
810 623 923 688 fabulis
939 625 1093 702 condicio,
1116 630 1151 690 at
1169 626 1270 691 eadem

115 725 223 786 tamen
245 723 278 786 in
295 723 444 787 omnibus
460 743 597 804 persona
613 728 669 787 est.
711 723 870 787 Facillime
881 724 976 804 igitur
987 728 1092 806 potest
1104 724 1270 807 Aeschylus

116 840 183 886 uno
212 822 314 887 indice
336 827 522 905 Προμηθέα
549 826 614 886 tres
649 822 775 886 fabulas
803 841 935 886 vocasse
964 823 1109 903 nondum
1140 825 1220 888 inter
1242 843 1268 888 se

117 924 274 1002 tanquam
298 922 395 1003 ampli
419 922 512 984 unius
535 921 686 985 dramatis
704 924 796 985 actus
812 921 984 998 distinctas,
1006 924 1063 986 nisi
1083 926 1127 986 ita
1140 923 1265 999 fortasse,

116 1024 152 1084 ut
174 1039 264 1084 mera
283 1019 337 1083 illa
357 1020 527 1096 adiectiva,
549 1020 581 1082 in
601 1021 742 1084 secunda
764 1020 877 1084 saltem
900 1040 938 1085 ac
959 1024 1061 1099 tertia,
1084 1024 1191 1087 titulos
1210 1022 1264 1087 eiii·

116 1119 260 1196 cerent2).
302 1119 367 1185 Nec
390 1119 481 1183 facile
501 1120 593 1183 aliter
611 1122 707 1199 poeta
728 1122 864 1200 poterat,
886 1121 942 1183 nisi
965 1140 1043 1184 vero
1065 1124 1179 1197 eodem
1200 1123 1263 1186 Pro

1 1247 4 1250 ¹
116 1219 232 1298 methei
256 1219 384 1282 nomine
405 1219 436 1282 in
460 1218 560 1282 tribus
583 1218 731 1298 deinceps
752 1219 849 1282 titulis
872 1221 1006 1300 repetito
1028 1221 1169 1284 taedium
1189 1240 1262 1303 spee

115 1307 271 1381 tatoribus
292 1318 489 1398 pariturus³t
532 1316 625 1381 Certe
646 1336 920 1397 supervacaneum
942 1320 1070 1398 egisset,
1092 1321 1118 1383 si
1140 1323 1193 1384 uni
1212 1321 1262 1383 cui·

116 1436 178 1500 que
213 1417 342 1480 fabulae
378 1420 498 1480 certum
537 1416 662 1480 titulum
692 1417 869 1491 indidisset3
903 1420 997 1481 totius
1028 1419 1112 1481 enirn
1143 1418 1262 1500 trilogiae

115 1535 216 1580 unum
233 1519 301 1580 erat
316 1519 552 1596 argumentum.
598 1515 699 1578 lmmo
717 1517 867 1597 quoniam
885 1519 1016 1581 omnino
1030 1519 1063 1581 in
1074 1514 1264 1583 inscribendis

115 1616 229 1680 fabulis
257 1618 371 1697 poetae
398 1616 588 1680 brevitatem
616 1634 655 1679 ac
675 1605 909 1706 simplicitatem
939 1619 1037 1682 secuti
1065 1624 1151 1698 sunt,
1175 1635 1264 1683 nonne

115 1735 227 1797 perse
248 1715 314 1778 veri
335 1713 529 1778 simillimum
553 1717 617 1793 est,
646 1715 673 1778 ei
692 1715 887 1797 Aeschylum
910 1717 1004 1780 etiam
1026 1718 1094 1796 hic,
1124 1723 1267 1802 quantum

114 1813 245 1894 licebat,
274 1814 454 1878 studuisse?
494 1816 545 1877 An
575 1833 665 1893 vero
681 1819 775 1895 putas
796 1816 943 1881 idoneam
974 1817 1000 1879 ei
1022 1837 1154 1883 causam
1176 1820 1266 1895 luisse,

116 1933 173 1978 cur
200 1913 340 1992 singulas
368 1914 491 1978 fabulas
518 1913 658 1995 pleniore
686 1915 816 1977 nomine
839 1915 1033 1979 adornaret?
1077 1919 1164 1983 Licet
1184 1920 1267 1995 enim,

115 2015 200 2097 quod
240 2032 445 2096 nequaquam
484 2016 604 2077 certum
643 2017 705 2089 est,
742 2014 806 2076 iam
837 2016 925 2096 prius
955 2017 1066 2080 eodem
1098 2016 1268 2083 Promethei
1294 2070 1297 2077 .

49 2137 51 2141 ’
115 2114 246 2178 nomine
283 2113 435 2193 inscripta
472 2112 606 2194 satyrica
635 2112 719 2174 edita
758 2113 866 2190 fuerit,
903 2115 1037 2179 simulac
1067 2116 1208 2183 fabulam
1234 2117 1269 2180 de

114 2212 339 2278 Prometheo
333 2215 395 2275 rnst
382 2213 533 2274 ttauraba
520 2211 661 2293 tampla
683 2211 805 2292 trilogia
828 2215 1045 2295 tractandam,
1074 2217 1138 2281 iam
1162 2215 1306 2283 nemini
1303 2206 1306 2257 ¹

114 2312 247 2376 dubium
272 2330 338 2376 esse
359 2331 402 2393 po
403 2315 504 2387 terat,
537 2311 678 2404 quales
669 2331 702 2374 rn
724 2329 763 2374 ea
784 2330 833 2373 res
854 2315 1049 2393 spectandae
1069 2320 1193 2393 essent,
1218 2324 1268 2379 ue'e
1300 2292 1306 2395 l

113 2412 176 2476 iam
209 2409 366 2523 satyricae
394 2410 474 2472 illius
496 2399 646 2472 humilius
666 2415 891 2489 argumentum
915 2414 1084 2494 quisquam
1107 2417 1306 2501 cogitabat
1302 2400 1306 2463 1

113 2512 225 2593 ltaque
253 2529 326 2574 cum
356 2510 424 2589 ipse
451 2511 558 2589 poeta
575 2511 665 2590 spect
652 2508 884 2572 tatoribust
835 2528 870 2571 sa
872 2509 1034 2574 tisfecisset
1063 2516 1132 2576 tota
1156 2514 1266 2596 trilogia

112 2609 172 2670 sub
201 2626 267 2671 uno
289 2611 493 2690 Προμηθέως
519 2608 648 2670 nomine
676 2604 776 2685 edita,
806 2611 1009 2688 posteriores,
1038 2629 1112 2675 cum
1135 2614 1265 2695 neglecta

110 2707 254 2788 trilogiae
303 2707 542 2770 continuatione
588 2705 731 2786 singulae
783 2705 844 2770 iarn
899 2705 1026 2772 fabulae
1078 2710 1264 2792 legebantur,

111 2806 257 2871 certiores
293 2804 361 2870 illos
397 2805 515 2870 indices
543 2805 576 2868 in
606 2824 700 2868 usum
728 2805 932 2871 adduxerunt
961 2807 1134 2888 lectorum,
1168 2831 1207 2875 ne
1230 2808 1264 2874 de

109 2904 306 2987 singularum
338 2907 507 2986 argument
509 2904 533 2967 is
561 2903 769 2986 ambigerent.
824 2903 896 2981 Qua
925 2906 1047 2970 ratione
1075 2909 1172 2974 eliam
1200 2906 1291 2975 illud·

108 3006 233 3086 planius
261 3004 466 3084 intellegitur,
495 3004 583 3085 quod
603 3004 784 3084 simpliciter
810 3003 1005 3084 Προμεθεύς
1025 3008 1136 3115 laudat
1123 3014 1192 3088 tur,
1218 3004 1261 3073 nbi

108 3109 211 3168 totam
232 3105 391 3185 trilogiam
413 3105 474 3167 dici
497 3102 660 3185 probabile
682 3123 714 3166 es
716 3105 767 3181 t.⁴)

181 3294 209 3358 1)
228 3293 360 3359 Idemque
380 3293 502 3360 suspicet
503 3309 536 3344 nr
554 3291 708 3346 Wilarnow.
727 3292 745 3344 1.
766 3291 784 3343 l.

176 3378 206 3445 2)
225 3377 270 3432 Sic
295 3378 369 3432 enim
394 3377 510 3433 fortasse
540 3378 602 3447 quis
627 3378 845 3447 intellegendum
869 3375 991 3439 duxerit,
1022 3378 1096 3444 quod
1121 3378 1216 3432 Aeacii.
1234 3373 1260 3427 fr.

109 3464 159 3517 203
185 3463 269 3518 schol.
294 3464 391 3519 Aeeeh.
419 3465 508 3518 Prom.
529 3482 554 3519 u.
574 3465 608 3517 94
633 3468 660 3517 ἐν
685 3464 722 3534 τῷ
746 3467 865 3532 πυρφόρῳ
890 3461 1030 3515 laudatur.
1082 3463 1162 3519 Certe
1193 3456 1261 3517 delet

108 3548 192 3603 etiam
209 3549 292 3603 huius
310 3549 364 3603 loci
380 3550 477 3602 auctor
495 3551 585 3603 totam
603 3548 746 3618 trilogiam
764 3548 793 3600 in
813 3546 939 3600 manibus
955 3546 1092 3602 habuisse.

176 3634 204 3702 3)
230 3634 379 3690 Incidimus
404 3635 456 3689 hoc
483 3634 542 3688 loeo
567 3635 596 3688 in
624 3653 683 3688 earn
710 3632 901 3702 quaestionem
925 3633 959 3686 de
985 3649 1042 3700 qua
1064 3632 1137 3687 nihil
1160 3641 1277 3701 nequam·

106 3720 241 3774 traditum
256 3720 328 3789 lego,
347 3721 484 3788 quomodo
496 3721 678 3774 docendorum
693 3720 849 3772 tabularum
866 3718 985 3782 nomino,
1004 3720 1155 3788 antequam
1168 3717 1259 3788 specis·

105 3805 168 3859 cula
186 3805 246 3874 ipsa
263 3806 430 3874 inciperent,
449 3806 478 3858 in
497 3807 685 3875 spectatorum
704 3805 833 3857 notitiam
855 3804 969 3869 perferri
987 3803 1070 3858 solitu
1087 3805 1153 3870 sint,
1181 3807 1277 3881 uuum,

106 3909 154 3961 per
172 3908 335 3960 praeconem
358 3892 545 3960 pronunciata·
559 3908 594 3945 un
612 3891 641 3943 in
660 3885 764 3944 tabulis
783 3890 893 3958 publico
912 3888 972 3942 fixis
992 3889 1179 3959 promulgate.

173 3978 203 4045 4)
222 3979 336 4032 Aristot.
350 3978 427 4032 Poet.
438 3994 461 4033 c.
474 3977 513 4031 18.
533 3979 550 4044 ἡ
568 3979 714 4048 τερατώδης
731 3975 801 4040 (soil.
816 3977 964 4045 τραγῳδία),
982 3968 1034 4026 οἷον
1064 3977 1138 4028 αἵτε
1156 3971 1259 4048 W

105 4067 145 4114 acl
161 4063 321 4134 Προμηθεῦς
344 4067 384 4114 uui
414 4063 459 4114 ὁόα
483 4067 509 4114 ἐν
528 4062 629 4132 Ἅιδου,
656 4064 771 4116 sortasse
798 4061 880 4114 eriam
909 4063 944 4121 ir.¹
962 4060 1126 4118 17761111.
1145 4050 1256 4118 vol-lit¹
