2782 4554
717 226 758 291 38

155 409 219 472 iam
246 404 458 470 Dicaearchus
486 402 651 484 Sophoclis
675 403 806 466 Aiacem
834 399 970 474 Αἴαντος
999 399 1155 465 θάνατον
1184 381 1329 482 vocarat,
1376 442 1381 449 ·

159 507 202 589 sic
224 506 356 569 fortasse
378 504 473 567 etiam
496 503 671 584 Phrynichi
693 502 888 583 tragicorum
910 502 1096 583 antiquioris
1117 508 1248 583 Πέρσαι
1269 503 1330 567 alio

162 602 291 667 nomine
326 600 367 665 ad
402 601 506 682 ipsum
543 603 770 680 argumentum
800 598 999 662 conformato
1029 596 1180 682 Μιλήτου
1210 597 1333 672 ἅλωσις

164 700 248 763 dicta
269 698 359 776 esu),
381 698 425 761 sic
448 716 507 778 pro
529 695 676 779 Aeschyli
698 697 879 778 Phrygibus
891 692 1041 775 Ἕκτορος
1060 693 1162 777 λύτρα
1184 699 1216 761 in
1237 717 1331 762 usum

164 794 292 877 venir).
336 795 406 858 Hac
428 794 521 874 igitur
539 794 664 856 ratione
685 795 806 870 evenit,
835 799 871 858 ut
900 795 1012 859 eadem
1038 795 1145 859 tabula
1175 795 1208 857 in
1232 795 1333 858 altero

164 887 245 958 libro
266 894 325 985 suh
347 893 448 956 altero
465 892 568 955 indice
589 893 731 955 terretur.
772 892 838 955 Iam
858 911 968 973 ponas,
990 893 1097 974 inquo
1108 911 1172 956 non
1184 894 1232 954 est
1245 891 1334 972 quod

164 990 293 1069 mireris,
318 989 413 1052 tuisse
430 990 597 1070 quosdam,
620 1006 694 1052 curn
717 989 800 1052 duae
821 990 915 1053 unius
937 990 1091 1054 dramatis
1112 988 1334 1069 inscriptiones

165 1090 201 1152 iis
231 1088 418 1165 offerentur,
450 1085 499 1148 vel
529 1087 739 1150 accuratiores
747 1087 818 1155 ‚vel
847 1087 953 1167 potius
982 1089 1055 1149 utra
1083 1085 1222 1166 genuina
1252 1087 1335 1149 esset

165 1185 361 1249 incertiores:
392 1201 447 1245 eos
476 1200 583 1245 nonne
611 1182 795 1263 putabimus
826 1184 913 1246 varia
941 1183 994 1247 illa
1023 1184 1155 1246 nomina
1178 1180 1334 1261 recepisse

165 1285 227 1360 ita,
265 1286 299 1345 ut
337 1300 392 1362 per
427 1279 617 1360 particulam
651 1277 672 1361 ἤ
702 1280 735 1342 in
764 1299 864 1343 unum
891 1299 930 1343 ca
966 1280 1190 1344 conecterent?
1244 1277 1335 1354 Quae

165 1383 246 1447 ratio
294 1366 463 1442 manifesto
508 1376 748 1458 quodammodo
792 1377 825 1439 in
867 1377 919 1441 illo
962 1381 1101 1459 θεωροῖς
1134 1371 1156 1459 ἢ
1184 1375 1336 1455 Ἰσθμια-

168 1482 262 1550 eruic
281 1478 393 1540 exstat.
441 1474 567 1538 Etenim
593 1475 625 1537 in
652 1494 719 1538 uno
747 1476 826 1539 libro
854 1476 1018 1556 legebatur
1043 1475 1179 1554 θεωρῶν
1204 1493 1334 1550 nomen,

167 1562 1341 1654 veriussinedubio,quippeminuscertum,inalterocertius'Iudpraurar'

141 1694 144 1701 ’
167 1676 371 1756 inscriptum
395 1672 520 1736 nescius
540 1671 671 1753 quidam
694 1690 731 1734 ea
749 1672 912 1735 coniunxit
930 1676 962 1735 et
979 1691 1053 1735 eum
1069 1672 1171 1736 effecit
1185 1671 1334 1749 indicem,

169 1774 223 1856 qui
251 1772 353 1853 primo
375 1770 490 1833 obtutu
512 1770 669 1850 permirus
696 1770 794 1849 atque
815 1768 1025 1848 ineptissimus
1047 1767 1242 1846 videaturss).
1271 1768 1334 1831 'Ac

167 1872 253 1934 recte
284 1887 343 1930 nos
379 1866 424 1929 ita
456 1869 612 1943 statuere,
654 1865 864 1930 certissimum
904 1869 1131 1946 argumentum
1169 1867 1265 1929 liceat
1298 1885 1338 1928 ex

169 1966 309 2030 comicae
332 1962 528 2026 Graecorum
558 1981 690 2044 poeseos
718 1961 835 2025 tinibus
864 1983 1031 2029 arcessere.
1075 1963 1223 2042 Legimus
1250 1963 1335 2026 enim

168 2061 255 2143 apud
264 2060 426 2123 Pollucem
441 2060 530 2137 10,59
542 2095 582 2104 -
593 2060 629 2121 ἐν
640 2058 889 2138 Ἀναξανδρίδου
902 2058 1078 2141 ζωγράφοις
1095 2055 1118 2142 ἦ
1130 2058 1335 2140 γεωγράφοις,

131 2193 134 2199 -
170 2148 325 2237 ἑκατέρως
343 2155 638 2238 γὰρέπιγράφεται
652 2156 690 2217 τὸ
711 2155 832 2236 δρᾶμα.
862 2157 924 2220 Ubi
936 2158 1085 2221 nonnein
1098 2157 1166 2238 ipso
1178 2157 1337 2219 maleficio

168 2254 395 2336 grammaticus
417 2255 665 2336 deprehenditur
687 2253 844 2334 duplicem
866 2255 994 2318 titulum
1019 2254 1215 2336 procudenS,
1246 2255 1337 2317 cuius

170 2351 307 2415 criminis
335 2349 431 2414 etiarn
461 2352 552 2434 quasi
582 2350 818 2415 excusationem
845 2355 1009 2431 postrema
1030 2353 1128 2415 verba
1152 2352 1337 2432 quaerunt?

171 2449 377 2530 Quamquam
399 2453 480 2531 Aug.
496 2451 669 2514 Meinekius
692 2450 729 2512 fr.
749 2467 830 2511 com.
849 2448 958 2513 Graec.
975 2450 1036 2513 vol.
1048 2451 1069 2513 Ι.
1087 2470 1116 2530 p.
1128 2449 1205 2512 370:
1229 2447 1339 2523 »Quae

171 2567 231 2626 res,
252 2547 364 2628 inquit,
387 2548 464 2610 mihi
486 2548 614 2629 quidem
636 2564 843 2626 nequaquam
865 2547 1017 2609 credibilis
1034 2547 1159 2610 videtur
1175 2565 1216 2609 ac
1229 2565 1341 2611 vereor

173 2683 364 2697 *ιιι-,-

243 2749 268 2813 1)
288 2746 328 2800 cf.
347 2746 453 2800 Welck.
473 2746 554 2814 Trag.
573 2764 599 2815 p.
615 2747 649 2798 24
668 2762 735 2812 sqq,
754 2744 861 2798 Nauck.
883 2762 908 2813 p.
927 2746 990 2800 558.

241 2833 268 2900 2)
288 2831 387 2899 Itaque
406 2848 499 2886 omnes
512 2832 646 2886 eiusmodi
664 2831 767 2884 indices
779 2830 908 2884 videntur
917 2830 946 2883 in
955 2829 1138 2898 suspicionem
1149 2830 1243 2884 vocari
1253 2847 1340 2900 posse,

95 2974 101 2987 .
171 2917 247 2972 velut
257 2917 341 2969 ὅπλων
353 2924 439 2989 κρίσις,
455 2918 553 2986 Ἑλένης
562 2919 710 2984 ἀπαίτησις,
728 2919 787 2985 ἔρις,
825 2917 928 2971 Tamen
939 2917 1052 2970 tenendi
1064 2916 1084 2969 ii
1092 2919 1182 2981 erunt,
1199 2917 1340 2985 siquidem

170 3005 227 3056 iron
246 3003 312 3058 item
332 3003 422 3057 altera
440 2992 540 3056 harum
558 2992 716 3056 fabularum
733 3001 845 3055 nomina
863 3002 1046 3070 reperiuntur.

244 3089 273 3154 3)
297 3087 408 3156 Proprie
433 3089 461 3141 in
486 3106 518 3142 eo
537 3105 604 3162 cum·
617 3087 721 3159 θεωρῶν
740 3103 841 3140 nomen
856 3087 1030 3148 Ἰσθμιαστῶν
1048 3079 1112 3140 voce
1130 3084 1233 3140 certius
1253 3087 1344 3140 deter-

175 3172 304 3237 minetur,
323 3173 477 3241 particulae
496 3173 571 3242 rtvis
591 3190 623 3227 ea
644 3176 693 3235 est,
713 3189 785 3240 quae
803 3172 826 3224 si
844 3190 893 3227 nos
911 3171 1027 3226 dicimus
1045 3172 1120 3234 ,oder
1138 3186 1263 3240 genauer
1282 3168 1343 3226 ausss

177 3259 329 3328 gedrilclrt‘,
348 3259 404 3322 ,das
414 3259 517 3322 heisst‘,
538 3258 684 3322 ,ntmlich‘,
702 3258 744 3310 ita
762 3260 794 3310 ut
806 3259 824 3326 ἤ
837 3258 910 3312 idem
920 3257 1012 3313 valeat
1022 3260 1108 3325 atque
1120 3273 1169 3310 eae
1180 3257 1344 3325 particulae,

177 3359 247 3411 quas
266 3344 390 3412 alioquin
407 3344 515 3413 saepius
539 3346 716 3414 grammatici
734 3345 763 3398 in
782 3346 944 3400 definiendis
963 3346 1074 3400 vocibus
1089 3348 1241 3414 usurpant,
1265 3347 1344 3414 ἤγουν

174 3431 218 3484 vel
238 3430 320 3483 etiam
339 3431 403 3499 ἤτοι.
440 3432 532 3498 Atque
551 3432 623 3487 hanc
641 3432 782 3486 notionem
801 3433 830 3486 in
848 3433 930 3486 fallor
950 3433 1002 3486 hoc
1020 3432 1076 3498 ἢτοι
1086 3431 1198 3487 exhibet
1212 3433 1243 3485 in
1252 3433 1343 3487 Strat-

175 3516 240 3570 tidis
258 3516 354 3570 comitti
373 3508 457 3571 titulo
475 3520 572 3582 opacat
589 3519 645 3585 ἤτοι
663 3521 785 3590 ἀργυρίου
803 3520 950 3583 ἀφανισμός,
969 3519 997 3571 in
1013 3533 1067 3585 quo
1087 3517 1139 3570 viri
1156 3517 1231 3570 docti
1251 3518 1343 3572 adhuc

175 3603 365 3667 offenderunt,
392 3602 425 3656 cf.
444 3603 562 3658 Meinek.
589 3605 606 3657 l.
630 3605 647 3658 l.
675 3624 701 3673 p.
719 3606 777 3658 224.
820 3605 992 3672 Quamquam
1017 3603 1090 3657 enim
1117 3603 1150 3656 de
1175 3606 1343 3672 argumento

174 3688 256 3740 huius
275 3688 432 3742 comoediae
450 3689 520 3743 nihil
540 3691 609 3745 certi
627 3691 705 3760 lego,
730 3693 837 3755 tamen,
866 3691 946 3744 modo
963 3691 1018 3743 duo
1037 3689 1105 3743 haec
1123 3688 1251 3753 nomina,
1271 3706 1344 3757 quae

176 3773 325 3827 coniuncta
342 3773 415 3828 inter
433 3791 461 3828 se
479 3793 551 3829 unns
566 3776 663 3830 Suidas
681 3777 782 3840 tradit,
806 3777 900 3831 eodem
919 3777 1058 3845 spectent,
1077 3775 1167 3835 altera
1184 3773 1265 3829 tituli
1282 3792 1347 3844 pars

178 3862 222 3929 (de
243 3859 319 3913 cuius
338 3876 420 3914 sensu
437 3863 471 3915 cf.
488 3863 570 3917 Mein.
589 3863 607 3917 l.
627 3864 643 3917 l.
663 3882 689 3932 p.
698 3863 763 3927 473,
785 3864 839 3919 vol.
857 3863 891 3917 Π.
912 3879 975 3932 pars
993 3863 1015 3917 I.
1034 3881 1058 3931 p.
1068 3862 1132 3927 252)
1146 3861 1264 3941 ‘ridetur
1276 3862 1346 3915 mihi

178 3963 211 3999 ea
242 3945 350 4000 ratione
379 3947 475 4001 addita
501 3965 573 4012 esse,
604 3952 636 4002 ut
660 3953 735 4004 recte
759 3949 928 4023 acciperetur
955 3947 1073 4003 nominis
1097 3946 1208 4016 ἀγαθοῖν
1232 3942 1365 4019 propria⁴

176 4031 262 4094 notio,
280 4048 352 4101 quae
369 4032 472 4088 ironica
491 4041 540 4096 est.
