2782 4554
631 229 669 296 17

90 429 125 474 ra
149 407 386 475 commentatur
399 411 437 488 ¹),
460 404 649 492 posteriores
669 410 699 474 ei
723 407 779 471 tat
801 409 952 491 Ταινάρῳ
971 411 1063 489 illud,
1084 395 1180 479 modo
1202 430 1237 480 re
1294 479 1295 482 ,
1365 432 1368 437 ’

90 529 138 574 era
168 511 209 574 ad
237 509 372 573 eandem
404 509 545 572 fabulam
576 509 777 573 referendum
806 509 855 586 sit,
882 527 946 572 non
968 511 1070 575 solum
1094 514 1235 578 certioris

90 610 293 673 unrinationis
306 611 408 689 gratia
420 608 622 685 addiderunt,
644 609 699 672 sed
723 609 819 672 etiam
833 627 932 672 untrm
950 610 977 672 ei
995 611 1235 679 substituerunt.

90 711 177 790 itque
208 709 252 771 ita
281 709 305 770 si
336 712 421 771 recte
449 709 611 784 statuitur,
649 709 753 771 nescio
785 727 826 771 an
864 708 1121 775 additamentum
1159 696 1235 777 illud

90 809 200 870 etitum
213 827 279 870 esse
291 809 436 888 possitex
451 810 558 870 vetere
574 807 681 889 aliqua
689 807 906 885 annotatione,
929 808 1039 890 quales
1050 810 1090 873 de
1103 798 1235 876 actionis

90 926 136 970 ico
165 905 344 979 ὑποθέσεις
371 906 487 970 fabulis
517 907 745 988 praescriptae,
776 898 914 970 maxime
943 906 1016 986 eae,
1056 928 1140 991 quae
1172 911 1232 975 suh

90 1005 291 1087 tristophanis
311 1006 509 1085 grammatici
527 1006 655 1068 nomine
673 1005 826 1084 feruntur,
847 1007 1009 1084 exhibent,
1032 1029 1105 1072 cum
1120 1011 1234 1075 dicitur

90 1103 207 1188 ᾶσκηνή
230 1101 393 1166 dadacum
415 1103 473 1183 du,
497 1104 577 1168 ἐπὶ-,
628 1105 679 1168 Ad
705 1105 840 1168 certiora
860 1109 967 1169 autem
989 1106 1124 1171 tortasse
1143 1110 1235 1177 nobis

90 1204 241 1267 accudere
270 1205 391 1280 liceret,
420 1205 445 1266 si
476 1208 565 1268 vetus
585 1208 763 1286 superesset
782 1205 1030 1286 Sophoclearum
1054 1208 1234 1275 tabularum

90 1302 189 1366 tabula.
276 1337 282 1347 ·

587 1501 658 1566 par.
683 1483 716 1549 c.

159 1610 223 1673 lam
257 1630 332 1673 vero
369 1611 450 1673 inter
485 1610 568 1691 ipsas
606 1609 809 1690 cognomines
846 1609 970 1673 tabulas
1009 1610 1237 1693 simplicissima

90 1723 181 1770 earum
212 1711 294 1772 ratio
324 1713 388 1786 est,
418 1728 501 1791 quae
523 1709 555 1772 in
577 1709 689 1772 eadem
714 1708 886 1772 didascalia
908 1710 1099 1773 coniunctim
1123 1711 1235 1776 doctae

90 1810 155 1870 sunt.
196 1807 340 1885 Quarum
359 1827 460 1872 unum
479 1811 579 1871 exstat
598 1808 758 1888 egregium
777 1806 968 1888 exemplum,
990 1808 1136 1892 Aeschyli
1158 1809 1236 1874 Pro-

90 1907 198 1971 methea
224 1908 363 1989 -trilogia
407 1909 522 1988 Atque
562 1906 629 1969 eins
664 1906 805 1987 singulos
844 1905 962 1968 indices
997 1907 1050 1988 qui
1083 1907 1234 1988 teruntur,

90 2006 270 2089 Προμηθεύς
290 2005 466 2089 δεσμώτης,
489 2011 531 2068 Π,
549 2003 715 2085 λυόμενος,
737 2010 778 2067 11.
798 2003 992 2086 nuprpdpoc²l
1014 2026 1071 2088 per
1093 2027 1126 2070 se
1148 2011 1237 2091 patet
1268 2071 1270 2075 ,

90 2101 183 2170 idsibi
205 2106 295 2183 velle,
318 2110 354 2169 ut
376 2105 558 2169 Promethei
581 2125 630 2168 res
654 2103 764 2185 quales
788 2105 820 2167 in
842 2104 971 2184 singulis
995 2104 1109 2168 fabulis
1132 2109 1235 2169 essent

90 2202 194 2281 planius
222 2205 529 2269 circunscribantur.
579 2202 650 2278 Qua
685 2203 724 2266 de
760 2221 858 2266 causa
895 2204 991 2266 etiam
1022 2204 1141 2286 ubique
1172 2204 1236 2268 tere

90 2301 212 2384 ingulae
243 2305 344 2387 plenis
364 2302 547 2368 nominibus
568 2302 782 2380 vocanturrt„
810 2302 897 2365 ltane
927 2320 1003 2365 vero
1031 2301 1089 2383 ipsi
1122 2307 1236 2384 poetae

90 2467 265 2482 ᾕ--ο

142 2573 169 2639 l)
187 2571 216 2627 Si
238 2573 319 2626 modo
339 2572 450 2626 omnino
468 2574 504 2627 ab
522 2573 640 2626 Hercule
655 2571 804 2639 Sophocles
816 2571 953 2640 satyricae
966 2571 1077 2626 fabulae
1090 2589 1235 2642 argumen-

91 2673 130 2708 um
149 2657 257 2726 petivit,
277 2675 310 2712 ne
329 2659 357 2711 iu
378 2675 410 2712 eo
429 2658 539 2726 quidem
560 2657 645 2711 alieni
663 2656 816 2725 quidquam
835 2659 885 2720 est,
905 2658 978 2725 quod
995 2674 1101 2711 merum
1109 2658 1235 2712 Herculis

90 2757 170 2797 tomen
188 2742 337 2813 inscripsit.
382 2744 560 2799 Memorabile
587 2746 680 2797 autem
705 2744 748 2796 est
766 2742 892 2796 Herculis
910 2759 1056 2811 personam
1073 2743 1235 2798 destitutam

90 2828 179 2882 eroica
203 2827 253 2882 illa
278 2828 442 2900 altitudine,
469 2829 545 2898 quali
564 2828 711 2898 Sophocles
735 2844 795 2881 eam
815 2827 843 2881 in
862 2827 1022 2899 Trachiniis,
1041 2829 1186 2898 Euripides
1205 2829 1233 2883 in

90 2913 187 2968 lercule
204 2914 358 2983 praeditam
375 2915 528 2979 finxerant,
554 2913 702 2983 paullatim
722 2913 778 2967 iarn
797 2913 826 2966 in
844 2912 994 2967 humiliora
1013 2914 1120 2979 delahi;
1139 2913 1234 2967 comici

90 2999 141 3051 nim
171 3015 232 3053 eam
259 3002 410 3069 occupant,
437 3001 514 3055 velut
539 2999 736 3068 Aristophanes
760 2998 789 3051 in
813 2999 916 3052 Avibus
947 3002 1013 3064 [act.
1032 2998 1074 3052 01.
1093 2999 1134 3063 91,
1152 3000 1182 3066 2]
1206 3001 1235 3052 et

90 3084 204 3138 altariis
223 3087 287 3152 (act.
306 3085 346 3140 Ol.
367 3088 408 3148 93,
420 3086 457 3154 3).
499 3086 598 3153 ltaque
617 3085 690 3152 quod
709 3083 855 3152 Sophocles
873 3083 946 3138 inter
964 3087 1070 3152 satyros
1088 3083 1234 3138 Herculem

90 3169 209 3233 reduxit,
227 3170 290 3224 inde
310 3170 339 3223 ni
357 3170 438 3225 fallor
457 3171 574 3225 eflicitur
592 3171 663 3224 hanc
681 3169 804 3223 fabulam
823 3168 859 3222 ab
878 3185 910 3224 eo
929 3170 980 3223 sub
994 3172 1148 3224 extremum
1162 3168 1235 3223 vitae

90 3269 185 3323 empus,
204 3254 280 3308 haud
296 3255 338 3309 ita
356 3256 474 3309 muttum
493 3259 559 3310 ante
577 3255 618 3311 01.
637 3256 678 3320 93,
696 3255 720 3319 3,
739 3256 848 3309 doctam
867 3272 932 3310 esse.

137 3348 168 3415 2)
185 3347 245 3401 Hoc
269 3346 343 3402 enim
368 3349 462 3404 ordine
487 3367 516 3405 se
543 3347 709 3417 excipientes
733 3348 841 3401 fabulas
868 3346 1009 3417 trilogiam
1034 3347 1154 3402 effecisse
1179 3348 1234 3402 iam

90 3431 181 3486 idetur
198 3433 273 3488 inter
291 3434 435 3503 plerosque
455 3437 589 3489 constare.

137 3519 166 3586 3)
186 3518 263 3583 Quod
282 3537 473 3588 nonnusquam
493 3523 630 3590 superstes
645 3520 776 3587 δεσμώτης
794 3519 845 3573 sub
860 3534 935 3572 mero
951 3517 1109 3572 Promethei
1124 3519 1236 3573 nomine

90 3607 243 3658 remoratur
261 3604 355 3675 (sohel.
364 3606 443 3660 Pind.
454 3607 536 3675 Pyth.
547 3607 615 3672 5,35,
633 3607 670 3660 Io.
680 3605 768 3660 Tzetz.
777 3621 853 3674 exeg.
872 3604 899 3656 in
911 3604 943 3657 lt.
954 3622 979 3673 p.
990 3603 1074 3668 5234,
1092 3603 1130 3660 id.
1141 3623 1167 3674 p.
1179 3606 1236 3664 153,

90 3688 195 3744 tustatb.
213 3689 247 3744 Il.
265 3706 292 3759 p.
313 3690 440 3756 iteam,
458 3692 497 3748 id.
518 3711 543 3761 p.
561 3692 652 3755 503,4,
678 3689 824 3744 Antiattio.
853 3689 938 3744 Belrlr.
962 3691 1056 3743 anecd.
1074 3708 1101 3760 p.
1122 3690 1236 3760 liras),

90 3775 147 3830 aria
163 3775 273 3829 ratione
293 3775 402 3830 videtur
421 3777 553 3847 explicari
573 3794 658 3845 posse.
693 3777 750 3829 Aut
769 3775 841 3830 enim
861 3775 890 3828 hi
903 3775 1057 3844 scriptores,
1072 3775 1139 3829 item
1154 3783 1237 3844 atque

89 3878 100 3913 1
112 3860 168 3915 alio
181 3861 242 3914 loco
254 3861 349 3915 statim
365 3862 505 3917 afferendo
520 3864 623 3917 factum
636 3879 694 3916 esse
707 3861 855 3916 verisimile
866 3861 1008 3925 habemus,
1028 3877 1083 3915 non
1094 3863 1237 3916 nominata

90 3949 146 4022 arta
163 3946 263 4000 sabula
280 3949 369 4001 totam
386 3948 527 4018 trilogiarn
546 3948 677 4012 dixerint,
697 3950 746 4000 aut
764 3946 820 4000 iarn
839 3963 895 4001 nou
915 3947 999 4000 aliani
1017 3946 1146 4016 trilogiae
1160 3947 1239 4000 labu-

90 4050 124 4088 im
145 4029 305 4096 habuerint,
325 4031 380 4086 nisi
399 4051 482 4102 quam
502 4050 550 4089 nos
569 4033 734 4103 accepimus.

147 4142 314 4194 (nipparena
1052 4121 1079 4174 ‘A

1300 4166 1332 4264 1
