2782 4554
150 39 207 156 ln
242 93 434 157 Graecorum
469 94 608 174 tragicae
646 115 777 176 poeseos
814 98 993 177 cognitione
1014 101 1232 182 *explananda

64 195 240 258 doctissimi
268 196 325 258 viri
359 195 477 276 ingenti
507 193 661 257 librorum
694 215 732 260 ac
762 195 939 261 libellorum
969 200 1059 280 copia
1088 202 1232 283 amplum

64 297 130 358 iam
152 316 216 377 quo
234 300 397 359 uteremur
415 296 565 360 scientiae
586 296 773 360 thesaurum
789 301 1026 376 congesserunt,
1048 318 1120 362 cum
1139 285 1234 364 modo

64 395 276 475 depravatum
315 395 489 459 verborum
527 398 709 459 contextum
750 400 923 473 sanarunt,
969 397 1066 461 modo
1111 399 1234 463 dicendi

63 495 188 573 generis
204 495 343 574 argutias
362 498 578 571 excusserunt,
597 496 694 558 modo
713 496 894 559 enarrando
913 516 963 559 res
982 497 1233 578 descripserunt:

63 592 247 657 tabularum
278 597 408 660 nomina
435 594 531 674 vulgo
553 598 624 672 aut,
656 595 737 658 sicut
760 595 922 671 teruntur,
953 597 1039 660 bona
1067 596 1129 660 tide
1157 599 1233 660 reci·

64 694 215 774 piantur,
246 700 301 759 aut
329 714 459 777 prorsus
485 694 867 784 negleguntur‚tantum,
895 695 985 758 abest
996 698 1057 790 ,ut
1086 695 1233 776 peculiari

63 795 172 858 adhuc
201 813 356 874 umquam
381 792 596 873 disputatione
620 793 750 874 dignata
772 792 842 856 sint.
887 793 971 858 Sane
993 795 1077 857 enim
1106 799 1234 876 propter

62 895 254 957 brevitatem
286 911 378 955 suam
413 891 523 956 titulus
557 892 625 955 iure
665 892 806 973 quodam
844 891 1020 972 neglegitur
1049 912 1107 957 nec
1143 894 1234 958 facile

63 993 128 1057 alia
142 993 181 1056 de
202 1011 298 1056 causa
321 1011 393 1055 eum
407 990 545 1071 inspicis,
569 1010 666 1071 quarn
687 993 723 1053 ut
745 989 871 1054 tabulae
884 998 1121 1071 argumentum,
1143 997 1233 1058 ante-

63 1112 164 1174 quam
189 1093 219 1155 in
245 1093 345 1173 ipsam
362 1089 565 1172 ingrediariS,
589 1093 696 1153 mente
716 1089 900 1170 praecipias.
943 1089 1067 1154 Tamen
1089 1110 1161 1154 cum
1185 1091 1233 1154 vel

63 1212 122 1272 per
142 1211 176 1256 se
196 1191 315 1255 indices
342 1189 506 1271 gravitatis
528 1188 672 1251 nonnihil
694 1187 752 1251 sibi
776 1193 922 1268 poscant,
950 1192 1061 1270 utpote
1083 1190 1136 1272 qui
1158 1191 1232 1255 dra·

62 1291 159 1354 matis
186 1309 347 1354 summam
379 1308 445 1352 uno
474 1286 572 1350 verbo
595 1287 862 1367 comprehensam
884 1287 1052 1351 manifesto
1075 1290 1233 1371 quodam·

61 1389 161 1452 modo
194 1389 383 1466 ostendant,
416 1391 485 1451 tum
519 1385 640 1468 aliquot
670 1385 872 1462 fabularum,
908 1404 1047 1467 quarum
1083 1387 1233 1469 temporis

61 1487 231 1569 iniquitate
268 1488 310 1550 nil
348 1486 413 1549 fere
450 1486 509 1548 nisi
546 1484 676 1548 nomina
715 1484 806 1547 nobis
834 1484 951 1548 tradita
981 1504 1049 1548 esse
1078 1483 1231 1564 dolenruS,

63 1606 192 1650 onmem
225 1587 370 1651 notitiam
409 1584 556 1666 aperiunt
598 1583 725 1646 indices.
784 1583 882 1666 Atqui
914 1583 1011 1648 modo
1044 1583 1198 1647 editiones
1211 1584 1232 1662 ¹)
1313 1585 1318 1596 ’

61 1684 201 1762 evolvas
225 1704 264 1747 ne
286 1686 326 1748 de
343 1684 440 1748 titulis
463 1683 593 1765 quidem
616 1680 737 1745 videbis
753 1682 967 1747 dubitationes
989 1684 1106 1746 deesse.
1147 1680 1229 1745 Nam

61 1800 129 1844 non
160 1782 263 1845 solum
294 1785 428 1865 quinam
457 1780 588 1845 omnino
617 1799 651 1843 re
679 1798 754 1842 vera
783 1781 914 1858 luerint,
945 1781 1000 1864 qui
1022 1800 1088 1845 non
1117 1780 1232 1845 fuerint

62 1878 180 1943 fabulis
216 1880 357 1963 inscripti
390 1899 504 1963 parum
540 1879 654 1961 liquet,
687 1877 742 1941 sed
777 1879 872 1941 etiam
902 1879 1083 1961 saepissime
1112 1881 1233 1941 veteres

63 1979 263 2058 grammatici
289 1979 442 2059 genuinas
466 1995 575 2042 eorum
599 1977 716 2041 formas
742 1978 892 2057 gravibus
916 1978 1076 2042 erroribus
1101 1979 1233 2041 obstrux

61 2080 166 2140 erunt.
216 2077 281 2141 Hos
318 2081 424 2142 autem
462 2082 497 2142 ut
532 2097 592 2141 nos
629 2078 815 2158 detegamus
850 2077 906 2140 etsi
941 2095 1053 2142 ansam
1090 2076 1230 2158 aliquam

61 2176 155 2239 nobis
202 2181 324 2241 veteres
365 2177 544 2242 tabularum
586 2177 716 2241 tabulae
757 2176 922 2259 praebent,
978 2175 1228 2257 Aeschylearum

63 2274 230 2356 catalogus
251 2276 282 2340 in
305 2276 413 2342 codice
433 2276 574 2341 Mediceo
594 2276 784 2355 servatusll,
806 2276 1047 2358 Euripideamm
1071 2293 1232 2340 marmora

132 2469 159 2536 1)
179 2468 357 2538 Tragieorum
377 2470 544 2526 Graecorum
562 2471 721 2540 fragmenta
738 2487 791 2524 reo.
810 2473 883 2539 Aug.
901 2468 1043 2524 Nauckius
1060 2466 1132 2536 Lips.
1155 2467 1230 2534 1856,

61 2571 94 2608 ex
121 2572 177 2622 qua
201 2554 321 2612 editione
344 2557 419 2612 infra
436 2557 595 2626 fragmenta
613 2555 764 2625 ascribam3
791 2555 938 2609 Poetarum
957 2553 1127 2607 scenicorum
1147 2553 1231 2608 Grae·

60 2656 155 2694 corum
182 2641 313 2710 Aeschyli
338 2641 478 2710 Sophoclis
504 2640 644 2711 Euripidis
667 2644 697 2696 et
719 2639 914 2709 Aristophanis
937 2639 1049 2694 fabulae
1068 2638 1232 2707 superstites

63 2726 92 2778 et
109 2725 282 2793 perditarum
300 2727 458 2796 fragmenta
481 2743 514 2781 ex
532 2728 690 2782 recensione
710 2729 739 2782 et
757 2743 818 2781 cum
837 2724 1054 2796 prolegomensis
1072 2723 1145 2778 Guil.
1165 2723 1231 2779 Din-

65 2808 146 2863 dorfii
164 2810 207 2864 cd.
226 2810 258 2867 V.
280 2813 352 2882 Lips.
374 2812 448 2866 1870.

132 2903 159 2967 2)
179 2903 218 2958 Gi.
240 2904 365 2959 Dindorf.
384 2903 403 2958 l.
421 2903 440 2958 l.
459 2903 539 2973 proll.
558 2922 584 2974 p.
604 2904 633 2974 33
662 2903 790 2974 Aeschyli
809 2905 920 2974 Septem
940 2904 975 2958 ad
994 2903 1103 2958 Thebas
1127 2904 1227 2958 iterum

69 2988 143 3042 edid.
162 2988 205 3044 rr.
225 2988 395 3046 Ritschelius
412 2990 484 3060 Lips.
505 2991 570 3044 1875
589 2990 670 3060 proll.
687 3008 715 3061 p„
734 2991 774 3046 11.

168 3084 335 3136 (Hippensttel).
1025 3080 1051 3131 X

1222 3170 1316 3256 t
