2782 4566
735 260 775 327 14

173 458 305 541 putatur
326 450 503 534 Aeschylea
516 441 677 512 Διονύσου
697 444 817 524 τροφοί
836 458 902 504 uno
922 437 1054 521 τροφῶν
1075 433 1207 500 nomine
1226 430 1342 496 vocata

166 577 232 622 esse
252 551 428 635 (Aesonis.
445 548 485 611 50
498 543 592 611 Phoc
609 544 660 608 lex
675 543 767 626 pli,
783 541 837 615 11;
860 539 896 603 fr.
916 538 965 616 51,
982 538 1022 602 5t
1037 535 1111 601 Hes.
1132 534 1147 599 1
1164 553 1196 616 p.
1206 531 1283 609 996,
1296 528 1337 593 id.

165 660 238 739 tp.
260 652 347 734 898).
399 649 584 716 Welckerus
620 648 729 709 autem
761 639 884 721 (Prom.
906 660 937 722 p.
959 638 1035 719 343,
1064 633 1195 701 Nachtr.
1230 653 1263 716 p.
1286 629 1338 709 at)

167 754 328 823 Διονύσου
362 748 501 834 τροφούς
533 766 662 832 prorsus
690 744 841 809 reiecerat
875 747 906 806 et
944 736 1083 822 τροφούς
1112 736 1174 801 dici
1207 736 1338 817 putarat

169 858 353 924 coniunctos
362 856 478 921 Niobes
493 853 632 918 tiliorum
644 847 832 911 educatores
844 843 1046 923 filiarumque
1064 838 1213 904 nutrices.
1249 834 1333 899 Inter

168 977 248 1042 quas
270 955 446 1022 contrarias
463 950 635 1019 sententias
656 949 701 1013 ita
723 947 866 1012 existimo
882 962 993 1027 pacem
1012 939 1245 1006 conciliandam
1263 955 1337 1016 esse,

170 1062 206 1122 ut
238 1058 364 1121 servato
405 1052 593 1132 argumento
627 1048 670 1126 ei,
711 1046 798 1129 quod
831 1040 992 1108 Διονύσου
1030 1043 1149 1124 τροφοί
1187 1038 1338 1114 indicant,

169 1156 279 1221 titulus
309 1153 487 1232 assignetur
518 1152 642 1230 τροφοί.
692 1147 774 1212 Nam
800 1145 886 1228 quod
909 1142 1096 1208 Welckerus
1124 1158 1250 1203 merum
1280 1137 1340 1200 hoc

171 1255 302 1336 τροφῶν
333 1271 451 1315 nomen
484 1250 634 1314 incertius
669 1267 736 1311 esse
765 1246 854 1322 dicit,
892 1263 990 1326 quam
1024 1242 1084 1307 sub
1117 1260 1182 1323 quo
1212 1238 1339 1322 Dionysi

171 1353 311 1418 nutrices
340 1351 475 1430 intellegi
506 1348 676 1430 potuerint,
706 1346 794 1410 haud
827 1344 935 1423 magni
967 1346 1029 1418 est3
1066 1343 1164 1405 immo
1192 1340 1340 1403 videntur

172 1457 286 1536 poetae
313 1448 432 1531 aliquid
454 1448 617 1523 habuisse,
650 1466 707 1511 cur
733 1447 767 1510 in
797 1443 1000 1509 nominandis
1031 1441 1146 1506 fabulis
1176 1437 1340 1503 brevitatis

174 1551 341 1614 studerent
373 1548 426 1628 (cf.
460 1547 513 1611 int.
548 1566 614 1627 par.
641 1545 699 1623 14).
734 1545 801 1610 Neo
831 1545 896 1608 veri
927 1542 1059 1606 similius
1091 1541 1174 1604 idem
1204 1534 1342 1620 τροφούς

175 1649 216 1712 ad
255 1645 392 1711 Niobeas
431 1666 481 1710 res
520 1645 623 1709 refert.
672 1645 796 1710 Tamen
837 1642 918 1708 alter
955 1641 1006 1706 ille
1047 1642 1141 1721 indeq
1182 1637 1342 1703 Διονύσου

172 1750 291 1827 ιροιιοί
330 1745 383 1810 vix
429 1745 530 1809 teneri
576 1746 687 1826 potest.
745 1743 856 1825 Neque
898 1742 982 1806 enim
1024 1741 1135 1803 nititur
1178 1740 1238 1804 nisi
1280 1760 1342 1803 uno

174 1845 351 1909 testimonio
368 1845 435 1908 eius
454 1844 588 1923 generis,
612 1863 750 1926 quorum
769 1843 855 1907 haud
878 1842 923 1906 ita
941 1844 1027 1906 certa
1044 1840 1122 1904 tides
1142 1843 1200 1915 est,
1222 1859 1343 1920 argum.

173 1945 248 2008 Eur.
260 1943 351 2018 Med,
365 1943 418 2007 ubi
431 1943 567 2006 traditur
575 1938 734 2020 Αἰσχύλος
746 1941 774 2003 d'
776 1943 812 2004 ἐν
822 1945 894 2015 ταῖς
902 1937 1065 2005 Διονύσου
1078 1941 1209 2020 υροᾳοῖς
1222 1937 1347 2020 ἱστορεῖ

174 2041 224 2105 ὅτι
238 2041 292 2102 καὶ
308 2042 366 2113 τοὶς
376 2038 539 2104 Διονύσου
549 2041 688 2122 τροφούς
701 2040 785 2119 perot
800 2044 866 2103 ιιύν
880 2040 1010 2120 ἀνδρῶν
1021 2038 1130 2102 αὐτῶν
1140 2037 1344 2126 οἷνεψήσοισα

178 2141 370 2224 ἐνεοσοιήσε
397 2139 473 2219 (scil.
491 2139 625 2215 Medeai.
661 2138 751 2216 Quae
774 2142 871 2205 verba
893 2141 991 2204 modo
1008 2145 1153 2206 accurate
1175 2139 1344 2222 perlegeris

104 2288 106 2291 -
176 2240 339 2320 aliumque
362 2258 434 2302 cum
457 2239 493 2302 iis
516 2239 620 2302 locum
635 2241 838 2320 compararis,
861 2240 915 2322 qui
939 2241 969 2303 in
993 2239 1106 2303 eadem
1128 2259 1163 2304 re
1183 2239 1342 2304 narranda

176 2343 295 2403 certam
319 2337 460 2402 fabulam
483 2358 548 2401 non
572 2338 734 2417 nominat,
758 2339 854 2403 schol.
879 2339 935 2405 Ar.
958 2339 1014 2421 Eq.
1037 2359 1066 2402 v.
1092 2340 1164 2403 1321
1191 2335 1306 2418 ὥσπερ
1326 2337 1345 2416 ἡ

175 2435 312 2519 Μήδειοι
337 2435 478 2516 λέγεται,
510 2436 552 2510 οἷς
577 2440 639 2516 μὲν
664 2434 824 2516 Αἰσχύλος
855 2436 992 2520 ἱστορεῖ,
1023 2438 1083 2512 σούς
1111 2439 1254 2519 τροφούς
1289 2438 1346 2500 τού
1383 2441 1385 2444 ’

177 2534 338 2600 Διονύσου
351 2533 471 2619 οἰφεψή
475 2554 565 2600 σασα
576 2534 762 2600 οἷνοινεάσοιι
772 2539 908 2619 ποιῆσαι
918 2537 1003 2617 perd
1014 2538 1079 2599 τῶν
1090 2537 1219 2617 οἷνδριύι·
1228 2536 1345 2612 αὐτῶν,

176 2638 238 2700 iam
251 2636 337 2699 haud
347 2635 515 2700 difficulter
524 2655 618 2718 spero
627 2636 789 2712 concedes,
800 2637 831 2700 in
842 2639 1032 2716 argumento
1043 2636 1094 2700 illo
1103 2637 1128 2700 si
1139 2656 1202 2700 non
1215 2637 1345 2701 omnino

176 2734 303 2799 fabulae
324 2753 442 2798 nomen
467 2735 592 2810 rictum,
626 2738 660 2798 at
686 2738 769 2799 certe
794 2733 956 2798 Διονύσου
978 2754 1096 2799 nomen
1117 2736 1353 2817 interpolatum·

177 2854 245 2898 esse
274 2831 456 2915 aquodam
486 2851 598 2896 eorum
628 2852 711 2915 quae
739 2837 918 2915 sequuntur
945 2834 1117 2897 verborum
1143 2834 1346 2898 similitudine

178 2933 349 3015 decepto¹).
392 2930 455 2995 Sed
476 2931 501 2994 si
524 2933 630 2995 minus
652 2932 708 2995 tibi
731 2932 812 2996 haec
837 2933 919 2996 ratio
949 2933 1044 2997 fidem
1069 2934 1158 3008 facit,
1187 2933 1228 2996 ad
1253 2934 1346 2997 aliam

180 3031 400 3095 auctoritatem
415 3030 492 3093 satis
509 3049 639 3111 gravem
655 3050 802 3111 provoco.
815 3029 1004 3112 Catalogum
1023 3033 1117 3109 enim,
1141 3032 1196 3114 qui
1210 3029 1350 3114 τροφούς

178 3129 322 3206 exhibet,
344 3146 459 3192 caveas
480 3149 522 3192 ne
546 3129 607 3193 hac
630 3129 662 3192 in
686 3148 721 3192 re
738 3129 903 3210 neglegaS,
930 3131 962 3194 in
987 3151 1052 3213 quo
1074 3131 1132 3195 etsi
1154 3150 1218 3195 non
1242 3132 1349 3194 omnia

179 3232 264 3292 reete
284 3248 318 3292 se
339 3230 476 3306 habent,
509 3233 616 3292 tamen
640 3229 796 3311 pleniores
818 3249 929 3294 omnes
952 3232 1084 3310 indices,
1119 3250 1199 3313 quos
1220 3231 1350 3296 aliunde

181 3328 342 3405 novimuS,
369 3329 484 3393 servati
508 3328 585 3405 sint,
601 3328 690 3392 velut
712 3349 778 3393 non
799 3335 903 3409 κρίσις
921 3351 979 3412 pro
997 3327 1109 3394 ὅπλων
1130 3334 1232 3409 κρίσις
1252 3331 1350 3412 scrip-

180 3430 247 3489 tum
270 3427 319 3490 sit.
363 3427 455 3492 Certe
485 3428 580 3507 igitur
609 3428 661 3510 qui
685 3428 866 3509 catalogum
889 3430 1084 3512 conscripsit,
1106 3430 1201 3493 huius
1223 3428 1351 3493 fabulae

182 3544 247 3587 non
266 3525 362 3589 allum
387 3526 515 3590 titulum
537 3527 595 3590 nisi
618 3524 760 3608 τροφούς
779 3528 901 3593 habuit.

265 3641 311 3705 Ex
320 3639 367 3704 his
378 3642 441 3705 iam
454 3642 531 3723 quid
542 3643 766 3725 consequitur?
789 3643 892 3721 Quam
908 3643 1084 3727 Aeschylus
1099 3639 1238 3725 τροφούς
1249 3642 1361 3705 ιιοιιιί··

182 3743 292 3815 parat,
337 3742 565 3820 grammaticus
600 3742 761 3807 Διονύσου
788 3741 927 3826 τροφούς
964 3743 1108 3818 vocavit,
1142 3741 1349 3822 Sophocleam

183 3839 397 3912 συνδείπνους
410 3841 598 3922 posteriores
610 3842 743 3922 Ἀχαιῶν
756 3840 968 3922 σύνδειπνον,
991 3839 1145 3922 σύλλογον
1162 3840 1386 3955 posteriores-d

253 4035 279 4102 1)
299 4035 375 4099 Quod
392 4034 447 4089 iam
461 4035 569 4091 Welclc.
588 4037 703 4092 Nachtr.
717 4056 743 4108 p.
754 4037 787 4092 66
805 4036 945 4102 indicavit,
963 4037 1048 4092 falsus
1060 4038 1154 4090 tamon
1173 4033 1201 4087 in
1221 4051 1261 4099 eo,
1281 4039 1355 4104 quod

190 4137 324 4174 unacum
347 4120 431 4174 titulo
450 4122 538 4191 ipsam
557 4123 678 4178 fabulam
699 4121 810 4177 delevit.
