2782 4554
637 1081 736 1147 I..

151 1216 244 1281 Prius
255 1224 360 1284 aulem
373 1239 470 1303 quam
483 1223 680 1302 singulorum
693 1225 855 1290 titulorum
869 1229 990 1296 formae
1003 1232 1234 1313 examinentur,

64 1336 108 1380 ne
138 1317 180 1380 de
201 1320 291 1383 vanis
312 1320 394 1385 infra
415 1339 567 1400 agamus,
597 1323 734 1388 breviter
754 1326 875 1409 aliquot
897 1331 1029 1396 nomina
1049 1352 1236 1414 percensere

64 1419 172 1501 liceat,
191 1425 306 1507 quibus
320 1445 399 1490 uum
416 1427 532 1491 fuerint
550 1427 682 1492 omnino
697 1427 866 1510 inscriptae
883 1429 1011 1495 tabulae
1026 1432 1160 1497 dubium
1176 1438 1233 1498 est.

590 1607 660 1672 par.
683 1591 711 1656 1.

150 1703 197 1766 Ac
219 1705 390 1770 traduntur
410 1707 503 1771 nobis
520 1708 610 1786 tituli,
632 1709 833 1791 quosnullos
851 1710 945 1773 fuisse
960 1711 1023 1774 veri
1041 1711 1233 1774 simillimum

63 1801 234 1868 habemus.
276 1804 399 1868 Etenim
420 1807 547 1888 saepius
564 1810 686 1872 veteres
705 1810 903 1890 grammatici
926 1808 1067 1872 fabulam
1090 1810 1233 1890 neglecta

64 1921 143 1966 vera
165 1904 368 1986 inscriptione
393 1924 478 1970 novo
498 1905 601 1972 indice
622 1912 867 1989 nuncuparunt,
898 1908 985 1971 unde
1008 1927 1034 1970 e.
1055 1926 1085 1987 g.
1107 1906 1233 1988 Sopho-

63 2001 152 2065 cleae
180 2001 376 2086 Ἀνδρομάχη
403 2009 435 2070 et
461 2005 672 2090 ξοανηφόροι,
703 2008 871 2090 Euripidea
893 2011 1011 2086 Λαμία
1040 2006 1233 2087 prodierunt.

63 2100 129 2164 Sed
166 2102 206 2166 de
242 2103 397 2168 eiusmodi
434 2106 516 2169 vitiis
555 2107 660 2188 aptius
697 2108 778 2171 infra
816 2106 1009 2171 coniunctim
1044 2104 1232 2168 videbimus.

62 2199 171 2265 Emori
199 2202 294 2267 eliam
326 2203 504 2285 Sophoclea
531 2204 654 2288 Ἑλένης
683 2204 817 2288 ἁρπαγή
847 2205 1015 2270 tribuenda
1043 2203 1117 2282 erit,
1148 2221 1232 2284 quae

63 2299 162 2364 semel
182 2305 379 2366 memoratur
400 2302 477 2383 (arg.
497 2303 596 2386 Soph.
613 2304 686 2382 Ait.
731 2304 864 2369 Videtur
883 2306 966 2370 enim
990 2307 1102 2368 auctor
1126 2302 1232 2383 potius

59 2397 187 2483 Ἑλένης
207 2400 389 2484 ἀπαίτησιν
412 2402 581 2483 cogitasse,
609 2407 643 2466 at
664 2403 746 2468 illius
768 2404 860 2481 tituli,
883 2405 938 2487 qui
959 2403 1098 2466 Alexidis
1120 2399 1230 2464 comici

62 2503 128 2574 est,
167 2501 370 2565 similitudine
409 2502 561 2582 deceptus
593 2521 675 2575 esse,
717 2521 789 2566 cum
826 2522 939 2583 parum
972 2503 1053 2565 inter
1085 2500 1231 2563 notiones

59 2597 210 2681 ἁρπαγῆς
240 2604 271 2663 et
292 2598 503 2683 ἀπαιτήσεως
532 2601 736 2680 distingueret
749 2601 784 2680 ¹).
827 2601 921 2666 Nullo
943 2606 1028 2665 cerlo
1051 2599 1230 2663 testimonio

60 2698 240 2781 Aeschylea
252 2698 372 2774 Κύκνος
387 2700 534 2774 nititur²i‚
552 2699 705 2781 quoniam
722 2720 761 2765 ex
773 2719 837 2765 uno
847 2699 1070 2782 Aristophanis
1080 2697 1160 2773 loco,
1174 2695 1229 2759 ubi

61 2797 160 2880 Cycni
178 2817 294 2863 nomen
306 2801 388 2864 inter
399 2800 536 2880 grandes
547 2818 585 2863 ac
596 2799 749 2864 terribiles
766 2820 919 2883 personas
932 2800 1131 2871 numeratur,
1147 2813 1229 2877 quas

61 2896 239 2980 Aeschylus
261 2897 488 2980 produxeritl),
516 2898 577 2962 hoc
599 2900 724 2962 tantum
748 2900 912 2977 discimus,
939 2897 1037 2980 Cycni
1059 2912 1228 2978 personam

60 3033 257 3042 ——.-——-——-

133 3099 225 3166 lljcf.
246 3099 352 3154 Nauck.
371 3100 389 3154 l.
409 3100 425 3153 l.
444 3117 470 3169 p.
488 3098 551 3169 136,
577 3099 700 3153 Dindorf.
718 3099 736 3152 l.
753 3098 771 3151 l.
791 3099 844 3152 vol.
863 3099 898 3152 ΙΙ.
918 3116 944 3168 p.
964 3097 1031 3162 130;
1064 3094 1228 3150 servandum

58 3181 175 3236 tilulum
202 3185 476 3254 censet2Welclrerus
501 3184 647 3254 Nachtrug
672 3202 721 3238 zur
745 3183 847 3238 Schrilt
870 3185 938 3239 iiber
963 3183 1009 3238 die
1035 3177 1229 3247 Aeschylische

58 3269 181 3338 Trilogie
191 3288 217 3339 p.
229 3271 279 3325 293
289 3289 356 3340 sqq,
378 3288 458 3339 quem
480 3269 582 3324 librum
602 3271 675 3324 infra
694 3271 860 3340 simpliciter
873 3270 987 3326 Nachtr.
1005 3267 1112 3330 citabo;
1131 3265 1167 3318 id.
1179 3263 1229 3317 Die

58 3355 249 3423 griechischen
266 3355 422 3426 Tragdrlien
444 3357 496 3410 mit
512 3356 666 3410 Riiclrsicht
682 3356 734 3410 aul
756 3357 811 3412 den
830 3357 958 3427 epischen
976 3354 1074 3424 (lycius
1093 3351 1227 3422 geordnet

57 3439 86 3493 in
107 3441 284 3497 Mus.'Rhen.
304 3441 393 3511 suppl.
412 3442 447 3496 II.
466 3461 493 3512 p.
514 3444 562 3496 158
580 3460 654 3510 sqq,
681 3442 729 3510 qui
754 3443 826 3496 liber
853 3442 924 3496 inira
943 3441 1009 3494 Tril.
1031 3439 1151 3501 dicatum
1178 3435 1225 3488 ubi

57 3529 152 3580 tamen
171 3544 242 3594 quae
267 3527 300 3581 de
319 3529 484 3597 argumento
503 3529 697 3597 proferuntur,
726 3527 773 3582 vix
790 3527 843 3582 tibi
861 3524 936 3582 omni
956 3542 990 3579 ex
1014 3527 1093 3594 parte
1113 3538 1226 3590 persua·

57 3611 180 3677 debunt,
204 3631 255 3667 nec
277 3613 367 3682 magis
390 3630 460 3681 quoe
479 3613 589 3668 disserit
612 3613 764 3667 Schoellius
782 3614 909 3682 Beitrtige
932 3630 981 3665 zur
1004 3607 1154 3664 Keuntniss
1179 3607 1227 3659 der

56 3697 217 3766 tragischen
241 3699 336 3754 Poesia
360 3700 408 3754 der
431 3698 582 3763 Griechen,
610 3698 662 3753 vol.
687 3699 707 3752 I.
736 3699 786 3753 Die
810 3697 988 3766 Tetralogien
1015 3695 1063 3748 der
1086 3691 1224 3746 attischen

55 3781 191 3852 Tragilrer
209 3785 304 3852 12:300
322 3802 381 3853 sqq.

125 3867 153 3936 2)
171 3867 257 3934 Quam
276 3870 413 3925 exstitisse
432 3868 589 3938 suspicatur
604 3868 741 3922 Welclrer.
761 3868 792 3921 D.
809 3866 1001 3936 Aeschylische
1020 3862 1142 3931 Trilogie
1161 3860 1225 3914 Pro·

54 3954 182 4008 matheus
208 3955 328 4010 Dormst.
354 3957 421 4010 1824
447 3972 473 4024 p.
491 3955 555 4019 544,
582 3952 629 4023 qui
654 3953 725 4009 liber
753 3953 827 4006 infra
850 3953 901 4006 sub
926 3952 1005 4022 signo
1030 3949 1121 4004 Prom.
1144 3946 1226 4000 intel·

51 4039 258 4108 legendua'ast.

124 4127 151 4194 3)
173 4125 242 4180 Ran.
262 4126 358 4196 v.{963
376 4128 491 4187 Kdurovc
508 4127 588 4180 ποιῶν
606 4127 647 4177 καὶ
665 4128 804 4187 Mimante
821 4122 1122 4192 κῳδωνοφαλαροπῶλους.

1052 4232 1089 4288 x*
