2782 4554
687 170 704 236 7

104 344 174 409 Etsi
210 346 293 410 enim
331 366 368 410 ea
399 365 464 410 non
494 347 526 409 in
562 347 729 430 deperdito
761 346 880 411 Albani
911 349 1110 411 monumenti
1140 347 1286 412 membro

110 445 220 508 locum
250 444 407 524 habuit1),
437 446 592 527 siquidem
615 450 796 510 ceterarum
819 445 998 510 fabularum
1023 445 1171 524 nomina,
1201 465 1284 528 quae

110 563 132 606 a
168 544 271 607 littera
303 544 342 608 K
368 544 540 626 incipiunt,
585 547 618 608 in
655 545 756 609 altera
795 545 862 608 eius
896 551 986 626 parte
1026 543 1174 609 videntur
1212 564 1286 609 con·
1313 576 1314 580 ¹

112 645 233 725 scripta
254 663 331 720 esse,
356 649 464 707 tamen
487 645 560 708 inde
582 644 626 708 nil
648 645 896 727 consequitur),
918 644 993 726 qnia
1015 644 1110 707 etiam
1134 640 1288 725 Ἀλκμήνη

113 744 145 805 11
196 742 255 805 hac
305 743 413 805 tabula
465 742 670 808 desideratur.
703 779 740 787 -
769 743 949 825 Sophoclea
991 735 1160 825 Εὔμηλος,
1202 761 1287 825 quae

114 842 213 905 semel
243 843 357 904 citatur
388 842 500 923 (Soph.
533 844 570 906 lr.
593 845 655 907 904
684 843 840 926 Harpocr.
868 862 896 905 v.
919 839 1091 918 xahctoim
1113 841 1145 903 in
1167 840 1203 904 lr.
1226 841 1287 904 903

111 940 186 1004 Hes.
225 942 237 1003 1
277 961 307 1022 p.
346 941 401 1004 159
444 941 544 1005 codex
580 943 707 1006 exhibet
743 943 779 1004 ἐν
814 938 968 1025 οἰμήλῳ),
1019 939 1113 1021 vulgo
1153 941 1289 1009 reicitur,

114 1040 190 1122 quia
232 1039 354 1102 Eumeli
400 1058 538 1121 persona
580 1060 693 1122 parurn
743 1041 858 1105 idonea
893 1041 950 1118 sit,
998 1058 1082 1122 quae
1124 1038 1288 1120 tragoedia

116 1143 341 1218 argumentum
374 1140 527 1220 praebere
563 1140 701 1222 potuerit
723 1138 747 1220 ).
800 1138 948 1204 Procedit
988 1141 1096 1201 autern
1136 1137 1287 1201 Eumelus

117 1237 294 1300 admodum
333 1256 412 1318 puer
447 1239 479 1302 in
516 1239 674 1304 Alcestide
711 1238 881 1321 Euripidea
912 1237 960 1318 (v.
989 1237 1050 1300 393
1077 1234 1165 1318 sqq.)
1200 1236 1287 1300 brevi

114 1335 230 1419 θρήνῳ
244 1336 313 1397 α’πό
327 1336 445 1419 σκηνῆς
462 1338 571 1401 matris
586 1339 708 1403 obitum
729 1339 848 1419 lugens.
879 1337 992 1419 ltaque
1008 1337 1034 1399 si
1052 1335 1149 1400 modo
1165 1335 1290 1417 Sopho-

116 1436 178 1499 cles
208 1436 292 1498 idem
324 1440 550 1516 argumentum
576 1445 674 1519 atque
696 1437 860 1519 Euripides
884 1435 1086 1513 tractavit4l,
1115 1435 1220 1498 nescio
1241 1452 1284 1497 an

114 1535 235 1598 Eumeli
258 1554 375 1598 nomen
402 1536 447 1598 ita
469 1537 589 1600 servari
613 1537 710 1618 possit
741 1542 792 1614 ut,
823 1536 910 1619 quod
942 1535 1135 1618 aliquotiens
1165 1539 1288 1597 veteres

115 1635 343 1713 grammaticos
365 1653 516 1715 peccasse
538 1635 724 1712 videbimus,
746 1655 904 1717 personae
924 1635 955 1698 in
976 1634 1083 1698 fabula
1101 1632 1288 1715 prodeuntis

117 1751 237 1795 nomen
259 1751 318 1813 pro
341 1732 493 1797 dramatis
514 1734 619 1799 indice
641 1735 759 1798 dictum
784 1735 833 1798 sit.
856 1770 896 1779 -
917 1734 990 1798 Pari
1011 1735 1093 1797 inter
1115 1751 1149 1795 se
1168 1733 1289 1796 incerta

117 1831 303 1895 condicione
333 1832 501 1914 Sophoclei
530 1835 611 1897 tituli
638 1833 770 1917 Ἰοκλῆς,
795 1831 913 1906 Ἰόλαος
941 1838 972 1897 11
999 1831 1135 1914 Ἰφικλῆς
1160 1851 1291 1910 congre-

115 1937 252 2012 gantur,
282 1933 336 2013 qui
368 1934 464 1996 etiarn
494 1935 634 1998 virorum
662 1934 827 1998 doctorum
854 1933 1042 1997 coniecturis
1064 1933 1146 1995 inter
1165 1951 1200 1994 se
1223 1949 1291 2010 per·

118 2033 298 2095 miscentur.
341 2032 449 2114 Atque
469 2033 495 2097 si
517 2034 584 2114 ipsa
604 2035 736 2098 nomina
756 2037 891 2115 spectas,
912 2030 1030 2114 Ἰοκλῆς
1051 2031 1164 2113 (Soph.
1178 2032 1215 2093 11.
1228 2030 1288 2094 277

117 2129 197 2192 Poll.
223 2131 269 2207 10,
285 2130 378 2214 3911)
409 2133 452 2195 nil
479 2140 529 2198 est
552 2136 608 2198 nisi
631 2155 688 2216 pro
711 2133 826 2217 Οἰκλῆς
848 2135 970 2197 dictum
993 2133 1106 2196 eadem
1128 2132 1293 2195 literarum

113 2230 370 2309 permutatione,
411 2252 494 2314 qua,
530 2238 567 2296 ut
596 2234 793 2298 notissimum
822 2234 1003 2313 exemplum
1034 2232 1185 2307 alteram,
1218 2231 1293 2294 Eur.

112 2328 222 2409 Suppi.
246 2348 274 2392 11.
295 2331 355 2393 aaa
376 2351 434 2412 pro
458 2330 573 2408 Οἰκλῆς
592 2333 661 2396 libri
679 2332 794 2416 Ἰοκλῆς
811 2333 969 2397 exhibent.
1006 2332 1105 2413 Atqui
1121 2330 1286 2413 proprium

110 2428 199 2508 quod
213 2429 240 2491 ei
260 2431 418 2494 tribuatur
437 2437 667 2512 argumentum
690 2433 806 2497 l'rustra
829 2433 1009 2516 quaeritnr3
1033 2431 1288 2495 Oecleusautem

108 2546 190 2590 avus
211 2527 269 2590 1111
292 2529 502 2607 Alcmeonis,
528 2538 618 2613 pater
639 2534 839 2613 Amphiarai,
863 2551 1004 2615 quorum
1026 2531 1211 2596 nominibus
1232 2535 1281 2594 ln·

109 2628 248 2710 scriptae
270 2630 466 2711 Sophocleae
497 2632 626 2705 fetulae
657 2633 851 2696 exstiterunt.
903 2632 1005 2696 Possit
1035 2633 1130 2712 igitur
1158 2652 1214 2714 per
1249 2649 1282 2694 se

113 2730 243 2812 quidem
265 2731 368 2794 Oeclei
390 2750 546 2814 personae
569 2752 686 2796 nomen
708 2752 783 2797 curn
805 2733 841 2796 iis
859 2733 1028 2796 confusum
1045 2752 1122 2811 esse,
1148 2732 1289 2796 maxime

118 2850 194 2893 cum
217 2829 427 2906 Alcmaeone;
458 2832 675 2913 Amphiaraus
706 2835 791 2897 enirn
819 2833 954 2912 satyrica
985 2833 1050 2895 luit.
1098 2829 1218 2903 Ἰόλαος
1239 2833 1292 2910 (fr.

115 2965 317 2974 ——————

194 3031 220 3092 l)
239 3027 317 3094 Quod
337 3029 458 3098 putabat
478 3028 583 3083 Welolr.
603 3028 685 3096 Trag.
705 3046 730 3097 p.
751 3027 810 3081 810.

190 3133 220 3198 91
242 3131 414 3200 Quamquam
428 3148 481 3186 non
496 3131 633 3186 exstitisse
643 3132 753 3192 Κάδμον
761 3130 902 3184 concludit
912 3129 1137 3184 indeWilamow.
1148 3129 1165 3183 l.
1177 3128 1193 3182 l.
1201 3146 1228 3198 p.
1239 3127 1295 3182 160.

192 3240 222 3307 3)
241 3238 279 3298 cf.
299 3237 405 3292 Welok.
425 3237 507 3306 Trag.
526 3255 550 3306 p.
572 3235 613 3290 66.

190 3343 217 3409 4)
238 3340 314 3406 Quod
331 3343 424 3393 censet
443 3339 551 3395 Welolr.
574 3339 655 3408 Trag.
671 3358 697 3409 p.
714 3339 766 3393 344
785 3355 852 3406 sqq,
871 3354 1038 3406 quamquam
1058 3335 1087 3389 in
1106 3352 1212 3404 argum.
1230 3334 1295 3390 Eur.

119 3428 221 3482 Alcest.
248 3426 369 3480 traditur
394 3429 456 3496 παρ’
482 3428 604 3497 οὐδετέρῳ
630 3437 709 3478 κεῖται
736 3426 752 3494 ἡ
776 3427 928 3488 undenario.
962 3423 1083 3479 Fabulae
1101 3438 1202 3476 nomen
1220 3422 1294 3490 quod

119 3516 170 3572 alii
185 3515 316 3582 ’Ἄδμητον
339 3512 508 3577 inscribunt,
532 3513 638 3566 Welck.
661 3513 797 3581 ’Ἄλκηστιν
821 3511 896 3566 dicit.
939 3511 1034 3578 Atque
1048 3509 1177 3577 ’Ἄδμητος
1199 3507 1295 3562 1111111

121 3605 194 3657 11111
213 3603 328 3655 fortasse
347 3599 430 3653 etiam
448 3598 544 3653 111111
563 3603 590 3653 ἐν
608 3601 707 3668 α’μήλῳ.
1288 3584 1291 3589 ’

194 3707 220 3770 5)
240 3704 310 3757 Nam
330 3702 359 3756 11
375 3703 466 3757 altero
483 3702 552 3767 loco,
571 3704 604 3758 11.
617 3702 667 3756 278
686 3701 770 3757 schol.
784 3702 829 3755 Ar.
842 3699 891 3769 llq.
902 3718 927 3753 v.
937 3699 997 3764 498,
1017 3699 1090 3768 quod
1106 3697 1163 3752 uod.
1173 3696 1296 3750 Venetus

121 3791 236 3845 exhibet
254 3793 279 3848 lt
295 3791 419 3853 Ἰοκλέους,
438 3789 604 3845 reiciendum
620 3793 663 3843 est
677 3807 744 3858 prae
762 3792 787 3846 ἐξ
797 3789 901 3849 Ἰολάου,
920 3786 993 3856 quod
1007 3784 1142 3854 imprimis
1151 3784 1296 3838 Ravennae

123 3878 240 3947 praebet
258 3877 332 3931 inter
350 3894 396 3932 eos
414 3877 534 3941 codices,
557 3892 673 3944 quorum
693 3876 724 3928 in
741 3876 793 3930 1111
811 3873 1016 3944 Aristophanea
1034 3871 1130 3926 1111111
1146 3870 1233 3925 maior
1253 3874 1297 3925 ast

121 3982 207 4033 quam
227 3964 327 4018 Veneti
348 3962 514 4029 auctoritem
542 3963 575 4015 de
593 3979 650 4029 qua
668 3978 698 4015 11
716 3960 751 4015 of.
770 3964 801 4015 A.
821 3961 855 4014 de
874 3960 1012 4029 Bamberg
1030 3959 1064 4013 de
1082 3957 1246 4012 Rauennate
1267 3960 1296 4011 et

120 4049 231 4104 Veneto
252 4047 446 4118 Aristophanis
464 4047 602 4102 codicibus
622 4046 736 4101 Bonnao
757 4045 832 4101 1865.
