<?xml version="1.0" encoding="UTF-8"?>
<!DOCTYPE html PUBLIC "-//W3C//DTD XHTML 1.0 Transitional//EN"
    "http://www.w3.org/TR/xhtml1/DTD/xhtml1-transitional.dtd">
<html xmlns="http://www.w3.org/1999/xhtml" xml:lang="en" lang="en">
 <head>
  <title>
</title>
<meta http-equiv="Content-Type" content="text/html;charset=utf-8" />
  <meta name='ocr-system' content='tesseract 3.04.00' />
  <meta name='ocr-capabilities' content='ocr_page ocr_carea ocr_par ocr_line ocrx_word'/>
</head>
<body>
  <div class='ocr_page' id='page_1' title='image "./degraecorumtrag00hippgoog_0018.png"; bbox 0 0 2782 4554; ppageno 0'>
   <div class='ocr_carea' id='block_1_1' title="bbox 620 189 654 253">
    <p class='ocr_par' dir='ltr' id='par_1_1' title="bbox 620 189 654 253">
     <span class='ocr_line' id='line_1_1' title="bbox 620 189 654 253; baseline -0.059 0"><span class='ocrx_word' id='word_1_1' title='bbox 620 189 654 253; x_wconf 89' lang='lat'>11</span> 
     </span>
    </p>
   </div>
   <div class='ocr_carea' id='block_1_2' title="bbox 10 365 1283 934">
    <p class='ocr_par' dir='ltr' id='par_1_2' title="bbox 21 365 1283 837">
     <span class='ocr_line' id='line_1_2' title="bbox 21 365 1219 449; baseline -0.002 -20"><span class='ocrx_word' id='word_1_2' title='bbox 21 365 235 448; x_wconf 82' lang='lat' dir='ltr'>Lycomedis</span> <span class='ocrx_word' id='word_1_3' title='bbox 255 366 325 448; x_wconf 85' lang='lat' dir='ltr'>Syri</span> <span class='ocrx_word' id='word_1_4' title='bbox 347 367 430 446; x_wconf 86' lang='lat' dir='ltr'>regis</span> <span class='ocrx_word' id='word_1_5' title='bbox 452 366 543 443; x_wconf 90' lang='lat' dir='ltr'>tiliae,</span> <span class='ocrx_word' id='word_1_6' title='bbox 565 367 647 430; x_wconf 92' lang='lat' dir='ltr'>inter</span> <span class='ocrx_word' id='word_1_7' title='bbox 666 383 747 449; x_wconf 90' lang='lat' dir='ltr'>quas</span> <span class='ocrx_word' id='word_1_8' title='bbox 770 366 909 431; x_wconf 82' lang='lat' dir='ltr'>Achilles</span> <span class='ocrx_word' id='word_1_9' title='bbox 931 366 1095 432; x_wconf 86' lang='lat' dir='ltr'>aTbetide</span> <span class='ocrx_word' id='word_1_10' title='bbox 1118 369 1219 428; x_wconf 89' lang='lat' dir='ltr'>matre</span> 
     </span>
     <span class='ocr_line' id='line_1_3' title="bbox 30 463 1221 546; baseline -0.003 -19"><span class='ocrx_word' id='word_1_11' title='bbox 30 463 98 527; x_wconf 88' lang='lat' dir='ltr'>filii</span> <span class='ocrx_word' id='word_1_12' title='bbox 124 464 211 527; x_wconf 90' lang='lat' dir='ltr'>vitae</span> <span class='ocrx_word' id='word_1_13' title='bbox 232 464 442 546; x_wconf 68' lang='lat' dir='ltr'>prospiciente</span> <span class='ocrx_word' id='word_1_14' title='bbox 464 463 667 526; x_wconf 84' lang='lat' dir='ltr'>absconditus</span> <span class='ocrx_word' id='word_1_15' title='bbox 689 468 773 541; x_wconf 87' lang='lat' dir='ltr'>erat,</span> <span class='ocrx_word' id='word_1_16' title='bbox 796 471 828 529; x_wconf 90' lang='lat' dir='ltr'>at</span> <span class='ocrx_word' id='word_1_17' title='bbox 850 466 892 529; x_wconf 91' lang='lat' dir='ltr'>ab</span> <span class='ocrx_word' id='word_1_18' title='bbox 917 466 1004 530; x_wconf 85' lang='lat' dir='ltr'>Ulixe</span> <span class='ocrx_word' id='word_1_19' title='bbox 1024 465 1221 546; x_wconf 49' lang='lat' dir='ltr'>perssnotum</span> 
     </span>
     <span class='ocr_line' id='line_1_4' title="bbox 32 559 1283 641; baseline -0.002 -18"><span class='ocrx_word' id='word_1_20' title='bbox 32 561 124 623; x_wconf 89' lang='lat' dir='ltr'>illud</span> <span class='ocrx_word' id='word_1_21' title='bbox 158 560 330 624; x_wconf 76' lang='lat' dir='ltr'>artificium</span> <span class='ocrx_word' id='word_1_22' title='bbox 368 561 664 641; x_wconf 71' lang='lat' dir='ltr'>recognoscebatur.</span> <span class='ocrx_word' id='word_1_23' title='bbox 713 561 881 638; x_wconf 85' lang='lat' dir='ltr'>Quaenam</span> <span class='ocrx_word' id='word_1_24' title='bbox 915 563 1000 626; x_wconf 91' lang='lat' dir='ltr'>enim</span> <span class='ocrx_word' id='word_1_25' title='bbox 1028 561 1109 624; x_wconf 90' lang='lat' dir='ltr'>ratio</span> <span class='ocrx_word' id='word_1_26' title='bbox 1139 559 1222 621; x_wconf 92' lang='lat' dir='ltr'>inter</span> <span class='ocrx_word' id='word_1_27' title='bbox 1281 559 1283 562; x_wconf 74' lang='grc'>’</span> 
     </span>
     <span class='ocr_line' id='line_1_5' title="bbox 39 656 1224 738; baseline -0.002 -20"><span class='ocrx_word' id='word_1_28' title='bbox 39 658 184 719; x_wconf 85' lang='lat' dir='ltr'>chorum</span> <span class='ocrx_word' id='word_1_29' title='bbox 201 661 233 719; x_wconf 92' lang='lat' dir='ltr'>et</span> <span class='ocrx_word' id='word_1_30' title='bbox 243 656 400 722; x_wconf 81' lang='lat' dir='ltr'>Achillem</span> <span class='ocrx_word' id='word_1_31' title='bbox 416 659 535 733; x_wconf 86' lang='lat' dir='ltr'>fuisset,</span> <span class='ocrx_word' id='word_1_32' title='bbox 553 658 820 737; x_wconf 84' lang='lat' dir='ltr'>quandoquidem</span> <span class='ocrx_word' id='word_1_33' title='bbox 837 659 932 722; x_wconf 91' lang='lat' dir='ltr'>etiam</span> <span class='ocrx_word' id='word_1_34' title='bbox 944 656 1138 738; x_wconf 81' lang='lat' dir='ltr'>singularem</span> <span class='ocrx_word' id='word_1_35' title='bbox 1155 656 1224 717; x_wconf 88' lang='lat' dir='ltr'>eius</span> 
     </span>
     <span class='ocr_line' id='line_1_6' title="bbox 41 753 1222 837; baseline -0.003 -20"><span class='ocrx_word' id='word_1_36' title='bbox 41 773 222 835; x_wconf 84' lang='lat' dir='ltr'>personam</span> <span class='ocrx_word' id='word_1_37' title='bbox 231 753 433 836; x_wconf 90' lang='lat' dir='ltr'>aliquantum</span> <span class='ocrx_word' id='word_1_38' title='bbox 444 757 475 818; x_wconf 91' lang='lat' dir='ltr'>in</span> <span class='ocrx_word' id='word_1_39' title='bbox 485 753 595 818; x_wconf 85' lang='lat' dir='ltr'>fabula</span> <span class='ocrx_word' id='word_1_40' title='bbox 604 754 702 834; x_wconf 83' lang='lat' dir='ltr'>egisse</span> <span class='ocrx_word' id='word_1_41' title='bbox 714 775 769 836; x_wconf 92' lang='lat' dir='ltr'>per</span> <span class='ocrx_word' id='word_1_42' title='bbox 782 775 816 818; x_wconf 89' lang='lat' dir='ltr'>se</span> <span class='ocrx_word' id='word_1_43' title='bbox 828 758 939 837; x_wconf 81' lang='lat' dir='ltr'>patet?</span> <span class='ocrx_word' id='word_1_44' title='bbox 958 755 1082 819; x_wconf 86' lang='lat' dir='ltr'>Scilicet</span> <span class='ocrx_word' id='word_1_45' title='bbox 1092 754 1222 817; x_wconf 86' lang='lat' dir='ltr'>deberet</span> 
     </span>
    </p>

    <p class='ocr_par' dir='ltr' id='par_1_3' title="bbox 10 849 1220 934">
     <span class='ocr_line' id='line_1_7' title="bbox 10 849 1220 934; baseline -0.005 -18"><span class='ocrx_word' id='word_1_46' title='bbox 10 891 22 916; x_wconf 69' lang='grc'>».</span> <span class='ocrx_word' id='word_1_47' title='bbox 47 851 189 915; x_wconf 78' lang='lat' dir='ltr'>Achilles</span> <span class='ocrx_word' id='word_1_48' title='bbox 211 855 279 915; x_wconf 92' lang='lat' dir='ltr'>tum</span> <span class='ocrx_word' id='word_1_49' title='bbox 301 852 334 915; x_wconf 90' lang='lat' dir='ltr'>in</span> <span class='ocrx_word' id='word_1_50' title='bbox 356 854 473 930; x_wconf 88' lang='lat' dir='ltr'>clroro,</span> <span class='ocrx_word' id='word_1_51' title='bbox 496 856 564 914; x_wconf 91' lang='lat' dir='ltr'>turn</span> <span class='ocrx_word' id='word_1_52' title='bbox 588 852 669 914; x_wconf 89' lang='lat' dir='ltr'>inter</span> <span class='ocrx_word' id='word_1_53' title='bbox 691 852 868 933; x_wconf 88' lang='lat' dir='ltr'>singulares</span> <span class='ocrx_word' id='word_1_54' title='bbox 893 872 1044 934; x_wconf 87' lang='lat' dir='ltr'>personas</span> <span class='ocrx_word' id='word_1_55' title='bbox 1069 849 1220 933; x_wconf 88' lang='lat' dir='ltr'>prodisse.</span> 
     </span>
    </p>
   </div>
   <div class='ocr_carea' id='block_1_3' title="bbox 10 966 1224 2146">
    <p class='ocr_par' dir='ltr' id='par_1_4' title="bbox 10 966 1224 2146">
     <span class='ocr_line' id='line_1_8' title="bbox 19 966 1224 1051; baseline -0.002 -20"><span class='ocrx_word' id='word_1_56' title='bbox 19 990 28 1012; x_wconf 89' lang='lat'>-·</span> <span class='ocrx_word' id='word_1_57' title='bbox 134 968 221 1031; x_wconf 91' lang='lat' dir='ltr'>Duos</span> <span class='ocrx_word' id='word_1_58' title='bbox 243 967 553 1047; x_wconf 88' lang='lat' dir='ltr'>adhucAeschyleos</span> <span class='ocrx_word' id='word_1_59' title='bbox 573 968 681 1030; x_wconf 87' lang='lat' dir='ltr'>titulos</span> <span class='ocrx_word' id='word_1_60' title='bbox 703 968 899 1046; x_wconf 68' lang='lat' dir='ltr'>retinuimus</span> <span class='ocrx_word' id='word_1_61' title='bbox 920 970 975 1051; x_wconf 93' lang='lat' dir='ltr'>qui</span> <span class='ocrx_word' id='word_1_62' title='bbox 999 968 1080 1030; x_wconf 87' lang='lat' dir='ltr'>mira</span> <span class='ocrx_word' id='word_1_63' title='bbox 1101 966 1224 1029; x_wconf 89' lang='lat' dir='ltr'>ratione</span> 
     </span>
     <span class='ocr_line' id='line_1_9' title="bbox 10 1062 1222 1150; baseline -0.002 -21"><span class='ocrx_word' id='word_1_64' title='bbox 10 1072 29 1111; x_wconf 57' lang='grc' dir='ltr'>ὲ</span> <span class='ocrx_word' id='word_1_65' title='bbox 49 1067 80 1129; x_wconf 91' lang='lat' dir='ltr'>in</span> <span class='ocrx_word' id='word_1_66' title='bbox 103 1067 251 1146; x_wconf 84' lang='lat' dir='ltr'>catalogo</span> <span class='ocrx_word' id='word_1_67' title='bbox 276 1065 371 1146; x_wconf 67' lang='grc' dir='ltr'>Ἀργοί</span> <span class='ocrx_word' id='word_1_68' title='bbox 391 1063 413 1148; x_wconf 72' lang='grc' dir='ltr'><em>ἢ</em></span> <span class='ocrx_word' id='word_1_69' title='bbox 433 1063 610 1149; x_wconf 81' lang='grc' dir='ltr'><em>κωπασοής</em></span> <span class='ocrx_word' id='word_1_70' title='bbox 619 1066 645 1147; x_wconf 87' lang='lat'>¹)</span> <span class='ocrx_word' id='word_1_71' title='bbox 676 1070 709 1129; x_wconf 88' lang='lat' dir='ltr'>et</span> <span class='ocrx_word' id='word_1_72' title='bbox 729 1065 854 1150; x_wconf 73' lang='grc' dir='ltr'><em>Σεμέλη</em></span> <span class='ocrx_word' id='word_1_73' title='bbox 875 1064 897 1150; x_wconf 75' lang='grc' dir='ltr'><em>ἦ</em></span> <span class='ocrx_word' id='word_1_74' title='bbox 917 1062 1096 1149; x_wconf 75' lang='grc' dir='ltr'><em>ὑδροφόρος</em></span> <span class='ocrx_word' id='word_1_75' title='bbox 1116 1063 1222 1145; x_wconf 86' lang='lat' dir='ltr'>scripti</span> 
     </span>
     <span class='ocr_line' id='line_1_10' title="bbox 10 1163 1222 1249; baseline -0.002 -21"><span class='ocrx_word' id='word_1_76' title='bbox 10 1203 25 1211; x_wconf 80' lang='lat'><em>-</em></span> <span class='ocrx_word' id='word_1_77' title='bbox 50 1170 134 1228; x_wconf 90' lang='lat' dir='ltr'>sunt.</span> <span class='ocrx_word' id='word_1_78' title='bbox 197 1163 312 1227; x_wconf 91' lang='lat' dir='ltr'>Mirum</span> <span class='ocrx_word' id='word_1_79' title='bbox 353 1167 438 1229; x_wconf 89' lang='lat' dir='ltr'>enirn</span> <span class='ocrx_word' id='word_1_80' title='bbox 477 1168 563 1249; x_wconf 94' lang='lat' dir='ltr'>quod</span> <span class='ocrx_word' id='word_1_81' title='bbox 602 1166 777 1246; x_wconf 84' lang='lat' dir='ltr'>singulares</span> <span class='ocrx_word' id='word_1_82' title='bbox 816 1167 937 1231; x_wconf 82' lang='lat' dir='ltr'>formae</span> <span class='ocrx_word' id='word_1_83' title='bbox 974 1163 1152 1246; x_wconf 78' lang='grc' dir='ltr'><em>κωποσοής</em></span> <span class='ocrx_word' id='word_1_84' title='bbox 1191 1168 1222 1226; x_wconf 91' lang='lat' dir='ltr'>et</span> 
     </span>
     <span class='ocr_line' id='line_1_11' title="bbox 26 1262 1222 1348; baseline -0.002 -21"><span class='ocrx_word' id='word_1_85' title='bbox 26 1288 28 1293; x_wconf 95' lang='lat'><em>·</em></span> <span class='ocrx_word' id='word_1_86' title='bbox 50 1262 235 1346; x_wconf 73' lang='grc' dir='ltr'><em>ὑδροφόρος</em></span> <span class='ocrx_word' id='word_1_87' title='bbox 254 1269 429 1346; x_wconf 85' lang='lat' dir='ltr'>usurpatae</span> <span class='ocrx_word' id='word_1_88' title='bbox 452 1270 542 1346; x_wconf 89' lang='lat' dir='ltr'>sunt,</span> <span class='ocrx_word' id='word_1_89' title='bbox 573 1268 626 1330; x_wconf 91' lang='lat' dir='ltr'>ubi</span> <span class='ocrx_word' id='word_1_90' title='bbox 649 1266 831 1347; x_wconf 87' lang='lat' dir='ltr'>ceteroquin</span> <span class='ocrx_word' id='word_1_91' title='bbox 853 1266 976 1348; x_wconf 86' lang='lat' dir='ltr'>plurale</span> <span class='ocrx_word' id='word_1_92' title='bbox 996 1265 1082 1329; x_wconf 87' lang='lat' dir='ltr'>chori</span> <span class='ocrx_word' id='word_1_93' title='bbox 1105 1282 1222 1327; x_wconf 90' lang='lat' dir='ltr'>nornen</span> 
     </span>
     <span class='ocr_line' id='line_1_12' title="bbox 10 1361 1222 1447; baseline 0 -21"><span class='ocrx_word' id='word_1_94' title='bbox 10 1370 25 1409; x_wconf 82' lang='grc'>’-</span> <span class='ocrx_word' id='word_1_95' title='bbox 51 1364 176 1444; x_wconf 87' lang='lat' dir='ltr'>legitur.</span> <span class='ocrx_word' id='word_1_96' title='bbox 223 1361 314 1438; x_wconf 84' lang='lat' dir='ltr'>Quod</span> <span class='ocrx_word' id='word_1_97' title='bbox 346 1364 479 1427; x_wconf 87' lang='lat' dir='ltr'>fortasse</span> <span class='ocrx_word' id='word_1_98' title='bbox 510 1364 663 1428; x_wconf 88' lang='lat' dir='ltr'>dubitarit</span> <span class='ocrx_word' id='word_1_99' title='bbox 694 1366 764 1447; x_wconf 90' lang='lat' dir='ltr'>quis</span> <span class='ocrx_word' id='word_1_100' title='bbox 793 1384 872 1428; x_wconf 90' lang='lat' dir='ltr'>num</span> <span class='ocrx_word' id='word_1_101' title='bbox 901 1366 988 1429; x_wconf 90' lang='lat' dir='ltr'>casui</span> <span class='ocrx_word' id='word_1_102' title='bbox 1016 1363 1222 1428; x_wconf 89' lang='lat' dir='ltr'>tribuendum</span> 
     </span>
     <span class='ocr_line' id='line_1_13' title="bbox 10 1463 1223 1546; baseline -0.002 -19"><span class='ocrx_word' id='word_1_103' title='bbox 10 1494 25 1509; x_wconf 73' lang='lat'><em>‹</em></span> <span class='ocrx_word' id='word_1_104' title='bbox 50 1465 99 1528; x_wconf 88' lang='lat' dir='ltr'>sit.</span> <span class='ocrx_word' id='word_1_105' title='bbox 130 1463 233 1527; x_wconf 86' lang='lat' dir='ltr'>Possit</span> <span class='ocrx_word' id='word_1_106' title='bbox 250 1464 333 1526; x_wconf 90' lang='lat' dir='ltr'>enim</span> <span class='ocrx_word' id='word_1_107' title='bbox 351 1482 434 1526; x_wconf 90' lang='lat' dir='ltr'>unus</span> <span class='ocrx_word' id='word_1_108' title='bbox 454 1468 627 1546; x_wconf 81' lang='grc' dir='ltr'><em>κορυφαῖος</em></span> <span class='ocrx_word' id='word_1_109' title='bbox 648 1484 705 1546; x_wconf 91' lang='lat' dir='ltr'>pro</span> <span class='ocrx_word' id='word_1_110' title='bbox 718 1465 818 1528; x_wconf 87' lang='lat' dir='ltr'>choro</span> <span class='ocrx_word' id='word_1_111' title='bbox 830 1465 932 1527; x_wconf 92' lang='lat' dir='ltr'>dictus</span> <span class='ocrx_word' id='word_1_112' title='bbox 950 1485 1027 1542; x_wconf 87' lang='lat' dir='ltr'>esse,</span> <span class='ocrx_word' id='word_1_113' title='bbox 1045 1463 1103 1525; x_wconf 90' lang='lat' dir='ltr'>nisi</span> <span class='ocrx_word' id='word_1_114' title='bbox 1117 1463 1223 1544; x_wconf 89' lang='lat' dir='ltr'>potius</span> 
     </span>
     <span class='ocr_line' id='line_1_14' title="bbox 50 1561 1224 1646; baseline -0.002 -18"><span class='ocrx_word' id='word_1_115' title='bbox 50 1565 83 1628; x_wconf 92' lang='lat' dir='ltr'>in</span> <span class='ocrx_word' id='word_1_116' title='bbox 107 1563 212 1646; x_wconf 91' lang='lat' dir='ltr'>priore</span> <span class='ocrx_word' id='word_1_117' title='bbox 236 1561 326 1625; x_wconf 89' lang='lat' dir='ltr'>titulo</span> <span class='ocrx_word' id='word_1_118' title='bbox 348 1561 526 1645; x_wconf 82' lang='grc' dir='ltr'><em>κοπαστής</em></span> <span class='ocrx_word' id='word_1_119' title='bbox 540 1563 647 1644; x_wconf 81' lang='lat' dir='ltr'>Argus</span> <span class='ocrx_word' id='word_1_120' title='bbox 665 1563 786 1626; x_wconf 91' lang='lat' dir='ltr'>nomini</span> <span class='ocrx_word' id='word_1_121' title='bbox 800 1564 947 1627; x_wconf 91' lang='lat' dir='ltr'>additum</span> <span class='ocrx_word' id='word_1_122' title='bbox 963 1569 1009 1627; x_wconf 88' lang='lat' dir='ltr'>est</span> <span class='ocrx_word' id='word_1_123' title='bbox 1030 1583 1068 1626; x_wconf 92' lang='lat' dir='ltr'>eo</span> <span class='ocrx_word' id='word_1_124' title='bbox 1084 1562 1224 1634; x_wconf 85' lang='lat' dir='ltr'>consilio,</span> 
     </span>
     <span class='ocr_line' id='line_1_15' title="bbox 50 1662 1224 1744; baseline -0.004 -16"><span class='ocrx_word' id='word_1_125' title='bbox 50 1668 88 1728; x_wconf 93' lang='lat' dir='ltr'>ut</span> <span class='ocrx_word' id='word_1_126' title='bbox 109 1662 343 1744; x_wconf 87' lang='lat' dir='ltr'>significantius</span> <span class='ocrx_word' id='word_1_127' title='bbox 376 1663 567 1726; x_wconf 89' lang='lat' dir='ltr'>indicaretur</span> <span class='ocrx_word' id='word_1_128' title='bbox 600 1663 764 1727; x_wconf 82' lang='lat' dir='ltr'>fabulosae</span> <span class='ocrx_word' id='word_1_129' title='bbox 792 1663 873 1726; x_wconf 90' lang='lat' dir='ltr'>illius</span> <span class='ocrx_word' id='word_1_130' title='bbox 899 1682 937 1726; x_wconf 90' lang='lat' dir='ltr'>ac</span> <span class='ocrx_word' id='word_1_131' title='bbox 965 1662 1115 1725; x_wconf 89' lang='lat' dir='ltr'>mirabilis</span> <span class='ocrx_word' id='word_1_132' title='bbox 1135 1662 1224 1724; x_wconf 90' lang='lat' dir='ltr'>navis</span> 
     </span>
     <span class='ocr_line' id='line_1_16' title="bbox 10 1760 1224 1846; baseline -0.002 -20"><span class='ocrx_word' id='word_1_133' title='bbox 10 1798 13 1802; x_wconf 94' lang='lat'>·</span> <span class='ocrx_word' id='word_1_134' title='bbox 50 1763 242 1846; x_wconf 73' lang='lat' dir='ltr'>proprietas</span> <span class='ocrx_word' id='word_1_135' title='bbox 265 1766 376 1844; x_wconf 91' lang='lat' dir='ltr'>utpote</span> <span class='ocrx_word' id='word_1_136' title='bbox 391 1781 474 1844; x_wconf 87' lang='lat' dir='ltr'>quae</span> <span class='ocrx_word' id='word_1_137' title='bbox 490 1764 635 1826; x_wconf 90' lang='lat' dir='ltr'>animalis</span> <span class='ocrx_word' id='word_1_138' title='bbox 649 1762 715 1826; x_wconf 83' lang='lat' dir='ltr'>fere</span> <span class='ocrx_word' id='word_1_139' title='bbox 736 1766 832 1842; x_wconf 89' lang='lat' dir='ltr'>atque</span> <span class='ocrx_word' id='word_1_140' title='bbox 854 1781 1010 1844; x_wconf 75' lang='lat' dir='ltr'>personae</span> <span class='ocrx_word' id='word_1_141' title='bbox 1024 1762 1128 1824; x_wconf 90' lang='lat' dir='ltr'>locum</span> <span class='ocrx_word' id='word_1_142' title='bbox 1142 1760 1224 1823; x_wconf 91' lang='lat' dir='ltr'>obti-</span> 
     </span>
     <span class='ocr_line' id='line_1_17' title="bbox 48 1861 1222 1943; baseline -0.004 -17"><span class='ocrx_word' id='word_1_143' title='bbox 48 1867 139 1926; x_wconf 90' lang='lat' dir='ltr'>neat.</span> <span class='ocrx_word' id='word_1_144' title='bbox 162 1861 285 1925; x_wconf 81' lang='lat' dir='ltr'>Tamen</span> <span class='ocrx_word' id='word_1_145' title='bbox 296 1863 448 1943; x_wconf 89' lang='lat' dir='ltr'>quoniam</span> <span class='ocrx_word' id='word_1_146' title='bbox 462 1863 555 1926; x_wconf 89' lang='lat' dir='ltr'>ceteri</span> <span class='ocrx_word' id='word_1_147' title='bbox 570 1862 710 1943; x_wconf 90' lang='lat' dir='ltr'>duplices</span> <span class='ocrx_word' id='word_1_148' title='bbox 725 1862 806 1925; x_wconf 93' lang='lat' dir='ltr'>tituli</span> <span class='ocrx_word' id='word_1_149' title='bbox 822 1862 909 1925; x_wconf 91' lang='lat' dir='ltr'>chori</span> <span class='ocrx_word' id='word_1_150' title='bbox 921 1880 1039 1924; x_wconf 91' lang='lat' dir='ltr'>nornen</span> <span class='ocrx_word' id='word_1_151' title='bbox 1057 1861 1222 1942; x_wconf 88' lang='lat' dir='ltr'>praebent,</span> 
     </span>
     <span class='ocr_line' id='line_1_18' title="bbox 48 1955 1223 2046; baseline -0.003 -20"><span class='ocrx_word' id='word_1_152' title='bbox 48 1967 139 2027; x_wconf 89' lang='lat' dir='ltr'>recte</span> <span class='ocrx_word' id='word_1_153' title='bbox 154 1963 279 2025; x_wconf 83' lang='lat' dir='ltr'>videtur</span> <span class='ocrx_word' id='word_1_154' title='bbox 295 1959 387 2041; x_wconf 73' lang='grc' dir='ltr'>Ἀργώ</span> <span class='ocrx_word' id='word_1_155' title='bbox 401 1955 423 2043; x_wconf 72' lang='lat' dir='ltr'>’i</span> <span class='ocrx_word' id='word_1_156' title='bbox 435 1965 612 2024; x_wconf 81' lang='grc' dir='ltr'><strong><em>κωπασταί</em></strong></span> <span class='ocrx_word' id='word_1_157' title='bbox 623 1965 655 2026; x_wconf 89' lang='lat' dir='ltr'>et</span> <span class='ocrx_word' id='word_1_158' title='bbox 669 1960 794 2043; x_wconf 79' lang='grc' dir='ltr'><em>Σεμέλη</em></span> <span class='ocrx_word' id='word_1_159' title='bbox 806 1957 828 2046; x_wconf 78' lang='grc' dir='ltr'><em>ἢ</em></span> <span class='ocrx_word' id='word_1_160' title='bbox 839 1958 1015 2042; x_wconf 71' lang='grc' dir='ltr'><em>ὖδροφόροι</em></span> <span class='ocrx_word' id='word_1_161' title='bbox 1028 1961 1131 2035; x_wconf 84' lang='lat' dir='ltr'>scribi,</span> <span class='ocrx_word' id='word_1_162' title='bbox 1153 1980 1223 2023; x_wconf 88' lang='lat' dir='ltr'>cum</span> 
     </span>
     <span class='ocr_line' id='line_1_19' title="bbox 47 2061 1068 2146; baseline -0.004 -19"><span class='ocrx_word' id='word_1_163' title='bbox 47 2065 238 2146; x_wconf 89' lang='lat' dir='ltr'>praesertim</span> <span class='ocrx_word' id='word_1_164' title='bbox 262 2080 345 2124; x_wconf 91' lang='lat' dir='ltr'>unus</span> <span class='ocrx_word' id='word_1_165' title='bbox 368 2061 531 2140; x_wconf 86' lang='lat' dir='ltr'>catalogus</span> <span class='ocrx_word' id='word_1_166' title='bbox 554 2061 640 2125; x_wconf 92' lang='lat' dir='ltr'>illam</span> <span class='ocrx_word' id='word_1_167' title='bbox 662 2064 851 2144; x_wconf 88' lang='lat' dir='ltr'>scripturam</span> <span class='ocrx_word' id='word_1_168' title='bbox 874 2061 1068 2139; x_wconf 68' lang='lat' dir='ltr'>exhibeat).</span> 
     </span>
    </p>
   </div>
   <div class='ocr_carea' id='block_1_4' title="bbox 45 2175 1221 2441">
    <p class='ocr_par' dir='ltr' id='par_1_5' title="bbox 45 2175 1221 2441">
     <span class='ocr_line' id='line_1_20' title="bbox 134 2175 1220 2258; baseline -0.004 -18"><span class='ocrx_word' id='word_1_169' title='bbox 134 2179 201 2241; x_wconf 90' lang='lat' dir='ltr'>lam</span> <span class='ocrx_word' id='word_1_170' title='bbox 221 2196 296 2240; x_wconf 87' lang='lat' dir='ltr'>vero</span> <span class='ocrx_word' id='word_1_171' title='bbox 328 2196 368 2240; x_wconf 93' lang='lat' dir='ltr'>ne</span> <span class='ocrx_word' id='word_1_172' title='bbox 399 2178 429 2239; x_wconf 90' lang='lat' dir='ltr'>in</span> <span class='ocrx_word' id='word_1_173' title='bbox 459 2177 626 2241; x_wconf 90' lang='lat' dir='ltr'>levioribus</span> <span class='ocrx_word' id='word_1_174' title='bbox 658 2179 706 2240; x_wconf 84' lang='lat' dir='ltr'>lris</span> <span class='ocrx_word' id='word_1_175' title='bbox 727 2182 853 2258; x_wconf 86' lang='lat' dir='ltr'>tempus</span> <span class='ocrx_word' id='word_1_176' title='bbox 883 2182 1018 2251; x_wconf 90' lang='lat' dir='ltr'>teratur,</span> <span class='ocrx_word' id='word_1_177' title='bbox 1050 2175 1082 2238; x_wconf 94' lang='lat' dir='ltr'>id</span> <span class='ocrx_word' id='word_1_178' title='bbox 1116 2176 1220 2256; x_wconf 90' lang='lat' dir='ltr'>potius</span> 
     </span>
     <span class='ocr_line' id='line_1_21' title="bbox 48 2276 1221 2358; baseline -0.006 -17"><span class='ocrx_word' id='word_1_179' title='bbox 48 2279 236 2352; x_wconf 78' lang='lat' dir='ltr'>videamm,</span> <span class='ocrx_word' id='word_1_180' title='bbox 271 2277 435 2358; x_wconf 90' lang='lat' dir='ltr'>quomodo</span> <span class='ocrx_word' id='word_1_181' title='bbox 471 2280 575 2339; x_wconf 92' lang='lat' dir='ltr'>totum</span> <span class='ocrx_word' id='word_1_182' title='bbox 599 2277 935 2340; x_wconf 68' lang='lat' dir='ltr'>titulorum‘habitum</span> <span class='ocrx_word' id='word_1_183' title='bbox 967 2276 1058 2340; x_wconf 91' lang='lat' dir='ltr'>nobis</span> <span class='ocrx_word' id='word_1_184' title='bbox 1079 2279 1221 2338; x_wconf 85' lang='lat' dir='ltr'>velerum</span> 
     </span>
     <span class='ocr_line' id='line_1_22' title="bbox 45 2376 371 2441; baseline -0.003 0"><span class='ocrx_word' id='word_1_185' title='bbox 45 2376 208 2441; x_wconf 90' lang='lat' dir='ltr'>memoria</span> <span class='ocrx_word' id='word_1_186' title='bbox 228 2377 371 2440; x_wconf 89' lang='lat' dir='ltr'>servarit.</span> 
     </span>
    </p>
   </div>
   <div class='ocr_carea' id='block_1_5' title="bbox 609 2610 664 2671">
    <p class='ocr_par' dir='ltr' id='par_1_6' title="bbox 609 2610 664 2671">
     <span class='ocr_line' id='line_1_23' title="bbox 609 2610 664 2671; baseline -0.018 0"><span class='ocrx_word' id='word_1_187' title='bbox 609 2610 664 2671; x_wconf 95' lang='lat' dir='ltr'>II.</span> 
     </span>
    </p>
   </div>
   <div class='ocr_carea' id='block_1_6' title="bbox 45 2752 1225 3027">
    <p class='ocr_par' dir='ltr' id='par_1_7' title="bbox 45 2752 1225 3027">
     <span class='ocr_line' id='line_1_24' title="bbox 133 2752 1219 2834; baseline 0 -18"><span class='ocrx_word' id='word_1_188' title='bbox 133 2753 241 2834; x_wconf 84' lang='lat' dir='ltr'>Atque</span> <span class='ocrx_word' id='word_1_189' title='bbox 264 2753 433 2834; x_wconf 87' lang='lat' dir='ltr'>ampliores</span> <span class='ocrx_word' id='word_1_190' title='bbox 456 2752 543 2816; x_wconf 86' lang='lat' dir='ltr'>lraud</span> <span class='ocrx_word' id='word_1_191' title='bbox 565 2753 610 2815; x_wconf 95' lang='lat' dir='ltr'>ita</span> <span class='ocrx_word' id='word_1_192' title='bbox 629 2752 723 2834; x_wconf 90' lang='lat' dir='ltr'>pauci</span> <span class='ocrx_word' id='word_1_193' title='bbox 746 2756 882 2830; x_wconf 87' lang='lat' dir='ltr'>exstant,</span> <span class='ocrx_word' id='word_1_194' title='bbox 904 2753 958 2833; x_wconf 92' lang='lat' dir='ltr'>qui</span> <span class='ocrx_word' id='word_1_195' title='bbox 980 2771 1052 2816; x_wconf 91' lang='lat' dir='ltr'>cum</span> <span class='ocrx_word' id='word_1_196' title='bbox 1078 2752 1219 2834; x_wconf 91' lang='lat' dir='ltr'>plerum-</span> 
     </span>
     <span class='ocr_line' id='line_1_25' title="bbox 45 2851 1224 2935; baseline -0.001 -20"><span class='ocrx_word' id='word_1_197' title='bbox 45 2871 116 2935; x_wconf 91' lang='lat' dir='ltr'>que</span> <span class='ocrx_word' id='word_1_198' title='bbox 142 2852 236 2933; x_wconf 91' lang='lat' dir='ltr'>plena</span> <span class='ocrx_word' id='word_1_199' title='bbox 267 2852 368 2915; x_wconf 86' lang='lat' dir='ltr'>forma</span> <span class='ocrx_word' id='word_1_200' title='bbox 398 2852 555 2929; x_wconf 85' lang='lat' dir='ltr'>ferantur,</span> <span class='ocrx_word' id='word_1_201' title='bbox 585 2851 776 2933; x_wconf 87' lang='lat' dir='ltr'>aliquotiens</span> <span class='ocrx_word' id='word_1_202' title='bbox 798 2851 946 2915; x_wconf 90' lang='lat' dir='ltr'>videntur</span> <span class='ocrx_word' id='word_1_203' title='bbox 968 2871 986 2913; x_wconf 89' lang='lat' dir='ltr'>a</span> <span class='ocrx_word' id='word_1_204' title='bbox 1009 2852 1224 2931; x_wconf 89' lang='lat' dir='ltr'>grammaticis</span> 
     </span>
     <span class='ocr_line' id='line_1_26' title="bbox 47 2949 1225 3027; baseline -0.001 -12"><span class='ocrx_word' id='word_1_205' title='bbox 47 2952 210 3015; x_wconf 90' lang='lat' dir='ltr'>decurtati</span> <span class='ocrx_word' id='word_1_206' title='bbox 233 2971 310 3014; x_wconf 89' lang='lat' dir='ltr'>esse.</span> <span class='ocrx_word' id='word_1_207' title='bbox 354 2949 492 3015; x_wconf 86' lang='lat' dir='ltr'>Causam</span> <span class='ocrx_word' id='word_1_208' title='bbox 511 2950 662 3014; x_wconf 89' lang='lat' dir='ltr'>nimirum</span> <span class='ocrx_word' id='word_1_209' title='bbox 685 2970 756 3015; x_wconf 89' lang='lat' dir='ltr'>eam</span> <span class='ocrx_word' id='word_1_210' title='bbox 778 2952 877 3027; x_wconf 90' lang='lat' dir='ltr'>dices,</span> <span class='ocrx_word' id='word_1_211' title='bbox 901 2951 931 3012; x_wconf 91' lang='lat' dir='ltr'>in</span> <span class='ocrx_word' id='word_1_212' title='bbox 956 2949 1089 3013; x_wconf 91' lang='lat' dir='ltr'>citandis</span> <span class='ocrx_word' id='word_1_213' title='bbox 1111 2951 1225 3014; x_wconf 87' lang='lat' dir='ltr'>fabulis</span> 
     </span>
    </p>
   </div>
   <div class='ocr_carea' id='block_1_7' title="bbox 50 3100 253 3110">
    <p class='ocr_par' dir='ltr' id='par_1_8' title="bbox 50 3100 253 3110">
     <span class='ocr_line' id='line_1_27' title="bbox 50 3100 253 3110; baseline -0.02 0"><span class='ocrx_word' id='word_1_214' title='bbox 50 3100 253 3110; x_wconf 75' lang='lat'><em>——.——</em></span> 
     </span>
    </p>
   </div>
   <div class='ocr_carea' id='block_1_8' title="bbox 48 3177 1229 3939">
    <p class='ocr_par' dir='ltr' id='par_1_9' title="bbox 48 3177 1229 3939">
     <span class='ocr_line' id='line_1_28' title="bbox 125 3177 1224 3247; baseline 0 -15"><span class='ocrx_word' id='word_1_215' title='bbox 125 3181 151 3247; x_wconf 90' lang='grc'>1)</span> <span class='ocrx_word' id='word_1_216' title='bbox 170 3178 273 3233; x_wconf 86' lang='lat' dir='ltr'>Dubito</span> <span class='ocrx_word' id='word_1_217' title='bbox 291 3179 364 3232; x_wconf 89' lang='lat' dir='ltr'>enim</span> <span class='ocrx_word' id='word_1_218' title='bbox 383 3196 449 3231; x_wconf 89' lang='lat' dir='ltr'>num</span> <span class='ocrx_word' id='word_1_219' title='bbox 469 3180 543 3232; x_wconf 90' lang='lat' dir='ltr'>recte</span> <span class='ocrx_word' id='word_1_220' title='bbox 561 3177 668 3232; x_wconf 82' lang='lat' dir='ltr'>Welclr.</span> <span class='ocrx_word' id='word_1_221' title='bbox 689 3177 778 3231; x_wconf 90' lang='lat' dir='ltr'>Prom.</span> <span class='ocrx_word' id='word_1_222' title='bbox 797 3194 824 3246; x_wconf 90' lang='lat' dir='ltr'>p.</span> <span class='ocrx_word' id='word_1_223' title='bbox 844 3177 895 3231; x_wconf 82' lang='lat'>312</span> <span class='ocrx_word' id='word_1_224' title='bbox 913 3179 1056 3246; x_wconf 73' lang='grc' dir='ltr'><em>κωποστής,</em></span> <span class='ocrx_word' id='word_1_225' title='bbox 1074 3178 1147 3245; x_wconf 89' lang='lat' dir='ltr'>quod</span> <span class='ocrx_word' id='word_1_226' title='bbox 1166 3180 1224 3232; x_wconf 87' lang='lat' dir='ltr'>tra-</span> 
     </span>
     <span class='ocr_line' id='line_1_29' title="bbox 48 3262 1227 3332; baseline -0.001 -12"><span class='ocrx_word' id='word_1_227' title='bbox 48 3266 146 3329; x_wconf 87' lang='lat' dir='ltr'>ditur,</span> <span class='ocrx_word' id='word_1_228' title='bbox 171 3265 199 3318; x_wconf 89' lang='lat' dir='ltr'>in</span> <span class='ocrx_word' id='word_1_229' title='bbox 226 3267 371 3332; x_wconf 68' lang='grc' dir='ltr'><em>κοοοοοτής</em></span> <span class='ocrx_word' id='word_1_230' title='bbox 397 3265 448 3332; x_wconf 79' lang='lat' dir='ltr'>(vel</span> <span class='ocrx_word' id='word_1_231' title='bbox 474 3263 565 3332; x_wconf 88' lang='lat' dir='ltr'>potius</span> <span class='ocrx_word' id='word_1_232' title='bbox 593 3270 749 3325; x_wconf 69' lang='grc' dir='ltr'><em>κωοεοοται)</em></span> <span class='ocrx_word' id='word_1_233' title='bbox 776 3262 899 3316; x_wconf 88' lang='lat' dir='ltr'>mutarit.</span> <span class='ocrx_word' id='word_1_234' title='bbox 946 3263 1046 3317; x_wconf 88' lang='lat' dir='ltr'>Neutri</span> <span class='ocrx_word' id='word_1_235' title='bbox 1072 3263 1227 3332; x_wconf 83' lang='lat' dir='ltr'>scripturae</span> 
     </span>
     <span class='ocr_line' id='line_1_30' title="bbox 49 3349 1226 3420; baseline -0.002 -14"><span class='ocrx_word' id='word_1_236' title='bbox 49 3352 168 3407; x_wconf 86' lang='lat' dir='ltr'>aliunde</span> <span class='ocrx_word' id='word_1_237' title='bbox 193 3353 359 3420; x_wconf 85' lang='lat' dir='ltr'>argumenta</span> <span class='ocrx_word' id='word_1_238' title='bbox 378 3349 560 3413; x_wconf 78' lang='lat' dir='ltr'>subveniunt,</span> <span class='ocrx_word' id='word_1_239' title='bbox 590 3349 656 3417; x_wconf 89' lang='lat' dir='ltr'>quia</span> <span class='ocrx_word' id='word_1_240' title='bbox 673 3350 752 3404; x_wconf 90' lang='lat' dir='ltr'>nullo</span> <span class='ocrx_word' id='word_1_241' title='bbox 771 3349 826 3403; x_wconf 91' lang='lat' dir='ltr'>alio</span> <span class='ocrx_word' id='word_1_242' title='bbox 843 3349 901 3404; x_wconf 89' lang='lat' dir='ltr'>loco</span> <span class='ocrx_word' id='word_1_243' title='bbox 921 3349 990 3404; x_wconf 83' lang='lat' dir='ltr'>haec</span> <span class='ocrx_word' id='word_1_244' title='bbox 1011 3367 1063 3404; x_wconf 88' lang='lat' dir='ltr'>vox</span> <span class='ocrx_word' id='word_1_245' title='bbox 1082 3350 1226 3418; x_wconf 85' lang='lat' dir='ltr'>reperitur.</span> 
     </span>
     <span class='ocr_line' id='line_1_31' title="bbox 50 3433 1226 3505; baseline -0.003 -12"><span class='ocrx_word' id='word_1_246' title='bbox 50 3440 161 3494; x_wconf 85' lang='lat' dir='ltr'>Tamen</span> <span class='ocrx_word' id='word_1_247' title='bbox 181 3455 230 3491; x_wconf 90' lang='lat' dir='ltr'>cur</span> <span class='ocrx_word' id='word_1_248' title='bbox 248 3454 302 3491; x_wconf 89' lang='lat' dir='ltr'>non</span> <span class='ocrx_word' id='word_1_249' title='bbox 322 3435 406 3490; x_wconf 87' lang='lat' dir='ltr'>etiam</span> <span class='ocrx_word' id='word_1_250' title='bbox 425 3433 548 3494; x_wconf 76' lang='grc' dir='ltr'><em>κοπάζον</em></span> <span class='ocrx_word' id='word_1_251' title='bbox 567 3434 707 3489; x_wconf 84' lang='lat' dir='ltr'>exstitisse</span> <span class='ocrx_word' id='word_1_252' title='bbox 730 3435 817 3505; x_wconf 86' lang='lat' dir='ltr'>possit</span> <span class='ocrx_word' id='word_1_253' title='bbox 842 3452 893 3504; x_wconf 85' lang='lat' dir='ltr'>ego</span> <span class='ocrx_word' id='word_1_254' title='bbox 918 3451 974 3491; x_wconf 90' lang='lat' dir='ltr'>non</span> <span class='ocrx_word' id='word_1_255' title='bbox 993 3435 1084 3500; x_wconf 84' lang='lat' dir='ltr'>rideo,</span> <span class='ocrx_word' id='word_1_256' title='bbox 1111 3453 1143 3490; x_wconf 88' lang='lat' dir='ltr'>ex</span> <span class='ocrx_word' id='word_1_257' title='bbox 1164 3437 1226 3490; x_wconf 89' lang='lat' dir='ltr'>sub-</span> 
     </span>
     <span class='ocr_line' id='line_1_32' title="bbox 50 3519 1226 3590; baseline -0.003 -10"><span class='ocrx_word' id='word_1_258' title='bbox 50 3525 176 3581; x_wconf 87' lang='lat' dir='ltr'>stantiva</span> <span class='ocrx_word' id='word_1_259' title='bbox 185 3525 279 3579; x_wconf 85' lang='lat' dir='ltr'>radice</span> <span class='ocrx_word' id='word_1_260' title='bbox 291 3523 386 3590; x_wconf 79' lang='grc' dir='ltr'>(κώπη)</span> <span class='ocrx_word' id='word_1_261' title='bbox 397 3537 485 3590; x_wconf 88' lang='lat' dir='ltr'>aeque</span> <span class='ocrx_word' id='word_1_262' title='bbox 494 3521 522 3574; x_wconf 91' lang='lat' dir='ltr'>in</span> <span class='ocrx_word' id='word_1_263' title='bbox 532 3519 582 3579; x_wconf 71' lang='grc' dir='ltr'>α’ζο</span> <span class='ocrx_word' id='word_1_264' title='bbox 591 3520 747 3575; x_wconf 85' lang='lat' dir='ltr'>derivatum</span> <span class='ocrx_word' id='word_1_265' title='bbox 759 3525 844 3589; x_wconf 87' lang='lat' dir='ltr'>atque</span> <span class='ocrx_word' id='word_1_266' title='bbox 855 3522 910 3576; x_wconf 87' lang='lat' dir='ltr'>alia</span> <span class='ocrx_word' id='word_1_267' title='bbox 920 3521 1010 3575; x_wconf 88' lang='lat' dir='ltr'>multa</span> <span class='ocrx_word' id='word_1_268' title='bbox 1020 3521 1226 3577; x_wconf 86' lang='lat' dir='ltr'>denominativa</span> 
     </span>
     <span class='ocr_line' id='line_1_33' title="bbox 51 3606 1228 3674; baseline -0.003 -8"><span class='ocrx_word' id='word_1_269' title='bbox 51 3612 147 3674; x_wconf 86' lang='lat' dir='ltr'>verba,</span> <span class='ocrx_word' id='word_1_270' title='bbox 166 3609 245 3664; x_wconf 88' lang='lat' dir='ltr'>velut</span> <span class='ocrx_word' id='word_1_271' title='bbox 264 3606 408 3672; x_wconf 73' lang='grc' dir='ltr'><em>κομπάζειν,</em></span> <span class='ocrx_word' id='word_1_272' title='bbox 425 3607 552 3669; x_wconf 69' lang='grc' dir='ltr'><strong><em>κωμάζειν.</em></strong></span> <span class='ocrx_word' id='word_1_273' title='bbox 588 3608 662 3661; x_wconf 86' lang='lat' dir='ltr'>Num</span> <span class='ocrx_word' id='word_1_274' title='bbox 683 3624 745 3661; x_wconf 90' lang='lat' dir='ltr'>vere</span> <span class='ocrx_word' id='word_1_275' title='bbox 766 3609 916 3663; x_wconf 84' lang='lat' dir='ltr'>correxerit</span> <span class='ocrx_word' id='word_1_276' title='bbox 935 3609 1097 3663; x_wconf 83' lang='lat' dir='ltr'>Welclrerus</span> <span class='ocrx_word' id='word_1_277' title='bbox 1117 3609 1228 3662; x_wconf 88' lang='lat' dir='ltr'>dubitat</span> 
     </span>
     <span class='ocr_line' id='line_1_34' title="bbox 51 3685 1229 3765; baseline -0.003 -14"><span class='ocrx_word' id='word_1_278' title='bbox 51 3697 142 3751; x_wconf 87' lang='lat' dir='ltr'>etiam</span> <span class='ocrx_word' id='word_1_279' title='bbox 161 3696 281 3750; x_wconf 85' lang='lat' dir='ltr'>Nitzsch.</span> <span class='ocrx_word' id='word_1_280' title='bbox 302 3696 320 3749; x_wconf 90' lang='lat'>1.</span> <span class='ocrx_word' id='word_1_281' title='bbox 341 3695 358 3749; x_wconf 94' lang='lat' dir='ltr'>l.</span> <span class='ocrx_word' id='word_1_282' title='bbox 379 3713 406 3765; x_wconf 91' lang='lat' dir='ltr'>p.</span> <span class='ocrx_word' id='word_1_283' title='bbox 426 3695 476 3748; x_wconf 79' lang='grc'>659</span> <span class='ocrx_word' id='word_1_284' title='bbox 498 3711 537 3762; x_wconf 89' lang='lat' dir='ltr'>sq.</span> <span class='ocrx_word' id='word_1_285' title='bbox 574 3693 687 3746; x_wconf 88' lang='lat' dir='ltr'>Prorsus</span> <span class='ocrx_word' id='word_1_286' title='bbox 714 3696 809 3748; x_wconf 86' lang='lat' dir='ltr'>autem</span> <span class='ocrx_word' id='word_1_287' title='bbox 836 3685 920 3747; x_wconf 82' lang='lat' dir='ltr'>aliter</span> <span class='ocrx_word' id='word_1_288' title='bbox 936 3693 980 3746; x_wconf 89' lang='lat' dir='ltr'>hio</span> <span class='ocrx_word' id='word_1_289' title='bbox 999 3693 1099 3748; x_wconf 92' lang='lat' dir='ltr'>titulus</span> <span class='ocrx_word' id='word_1_290' title='bbox 1118 3696 1229 3750; x_wconf 88' lang='lat' dir='ltr'>intelle·</span> 
     </span>
     <span class='ocr_line' id='line_1_35' title="bbox 52 3778 1228 3854; baseline -0.002 -17"><span class='ocrx_word' id='word_1_291' title='bbox 52 3785 163 3854; x_wconf 82' lang='lat' dir='ltr'>gendus</span> <span class='ocrx_word' id='word_1_292' title='bbox 182 3782 247 3847; x_wconf 90' lang='lat' dir='ltr'>erit,</span> <span class='ocrx_word' id='word_1_293' title='bbox 273 3782 295 3835; x_wconf 89' lang='lat' dir='ltr'>si</span> <span class='ocrx_word' id='word_1_294' title='bbox 321 3797 377 3835; x_wconf 91' lang='lat' dir='ltr'>non</span> <span class='ocrx_word' id='word_1_295' title='bbox 396 3797 486 3833; x_wconf 91' lang='lat' dir='ltr'>merus</span> <span class='ocrx_word' id='word_1_296' title='bbox 506 3778 674 3848; x_wconf 84' lang='lat' dir='ltr'>typographi</span> <span class='ocrx_word' id='word_1_297' title='bbox 694 3795 770 3834; x_wconf 88' lang='lat' dir='ltr'>error</span> <span class='ocrx_word' id='word_1_298' title='bbox 789 3781 846 3843; x_wconf 89' lang='lat' dir='ltr'>est,</span> <span class='ocrx_word' id='word_1_299' title='bbox 873 3779 947 3847; x_wconf 91' lang='lat' dir='ltr'>quod</span> <span class='ocrx_word' id='word_1_300' title='bbox 965 3779 1073 3834; x_wconf 86' lang='lat' dir='ltr'>Nauck.</span> <span class='ocrx_word' id='word_1_301' title='bbox 1093 3781 1110 3835; x_wconf 93' lang='lat' dir='ltr'>l.</span> <span class='ocrx_word' id='word_1_302' title='bbox 1131 3782 1147 3836; x_wconf 94' lang='lat' dir='ltr'>l.</span> <span class='ocrx_word' id='word_1_303' title='bbox 1167 3800 1192 3850; x_wconf 89' lang='lat' dir='ltr'>p.</span> <span class='ocrx_word' id='word_1_304' title='bbox 1213 3787 1228 3835; x_wconf 85' lang='grc'>7</span> 
     </span>
     <span class='ocr_line' id='line_1_36' title="bbox 51 3864 849 3939; baseline -0.006 -14"><span class='ocrx_word' id='word_1_305' title='bbox 51 3874 81 3925; x_wconf 89' lang='lat' dir='ltr'>et</span> <span class='ocrx_word' id='word_1_306' title='bbox 100 3889 127 3939; x_wconf 88' lang='lat' dir='ltr'>p.</span> <span class='ocrx_word' id='word_1_307' title='bbox 147 3869 198 3924; x_wconf 79' lang='lat'>736</span> <span class='ocrx_word' id='word_1_308' title='bbox 218 3885 268 3937; x_wconf 89' lang='lat' dir='ltr'>pro</span> <span class='ocrx_word' id='word_1_309' title='bbox 285 3868 303 3937; x_wconf 75' lang='grc' dir='ltr'><em>ἢ</em></span> <span class='ocrx_word' id='word_1_310' title='bbox 318 3867 454 3934; x_wconf 60' lang='lat' dir='ltr'>souervile</span> <span class='ocrx_word' id='word_1_311' title='bbox 469 3864 566 3919; x_wconf 90' lang='lat' dir='ltr'>scribit</span> <span class='ocrx_word' id='word_1_312' title='bbox 585 3865 733 3919; x_wconf 84' lang='lat' dir='ltr'>articulum</span> <span class='ocrx_word' id='word_1_313' title='bbox 753 3866 769 3935; x_wconf 75' lang='grc' dir='ltr'><em>ἦ</em></span> <span class='ocrx_word' id='word_1_314' title='bbox 786 3884 849 3920; x_wconf 76' lang='lat' dir='ltr'>aaa.</span> 
     </span>
    </p>
   </div>
   <div class='ocr_carea' id='block_1_9' title="bbox 52 3963 1227 4128">
    <p class='ocr_par' dir='ltr' id='par_1_10' title="bbox 52 3963 1227 4128">
     <span class='ocr_line' id='line_1_37' title="bbox 121 3963 1227 4041; baseline 0 -15"><span class='ocrx_word' id='word_1_315' title='bbox 121 3973 151 4041; x_wconf 85' lang='lat'>2)</span> <span class='ocrx_word' id='word_1_316' title='bbox 170 3973 241 4025; x_wconf 89' lang='lat' dir='ltr'>Item</span> <span class='ocrx_word' id='word_1_317' title='bbox 271 3969 423 4040; x_wconf 86' lang='lat' dir='ltr'>Sophoclea</span> <span class='ocrx_word' id='word_1_318' title='bbox 449 3984 521 4036; x_wconf 89' lang='lat' dir='ltr'>quae</span> <span class='ocrx_word' id='word_1_319' title='bbox 551 3976 703 4035; x_wconf 74' lang='grc' dir='ltr'><em>ψυχαγωγοί</em></span> <span class='ocrx_word' id='word_1_320' title='bbox 726 3969 857 4038; x_wconf 86' lang='lat' dir='ltr'>inscripta</span> <span class='ocrx_word' id='word_1_321' title='bbox 888 3969 943 4023; x_wconf 88' lang='lat' dir='ltr'>fuit</span> <span class='ocrx_word' id='word_1_322' title='bbox 969 3963 1104 4040; x_wconf 86' lang='lat' dir='ltr'>singulari</span> <span class='ocrx_word' id='word_1_323' title='bbox 1137 3972 1227 4026; x_wconf 86' lang='lat' dir='ltr'>forma</span> 
     </span>
     <span class='ocr_line' id='line_1_38' title="bbox 52 4053 1106 4128; baseline 0.001 -16"><span class='ocrx_word' id='word_1_324' title='bbox 52 4063 210 4127; x_wconf 68' lang='grc' dir='ltr'><em>ψοχαγογός</em></span> <span class='ocrx_word' id='word_1_325' title='bbox 237 4059 351 4114; x_wconf 87' lang='lat' dir='ltr'>vocatur</span> <span class='ocrx_word' id='word_1_326' title='bbox 371 4053 518 4127; x_wconf 81' lang='lat' dir='ltr'>Phrynich.</span> <span class='ocrx_word' id='word_1_327' title='bbox 537 4054 649 4125; x_wconf 73' lang='lat' dir='ltr'>(Bekis.)</span> <span class='ocrx_word' id='word_1_328' title='bbox 667 4073 694 4127; x_wconf 94' lang='lat' dir='ltr'>p.</span> <span class='ocrx_word' id='word_1_329' title='bbox 715 4054 756 4120; x_wconf 79' lang='lat'>73,</span> <span class='ocrx_word' id='word_1_330' title='bbox 777 4056 808 4112; x_wconf 83' lang='lat'>13</span> <span class='ocrx_word' id='word_1_331' title='bbox 827 4058 861 4124; x_wconf 86' lang='lat' dir='ltr'>(v.</span> <span class='ocrx_word' id='word_1_332' title='bbox 880 4055 986 4111; x_wconf 87' lang='lat' dir='ltr'>Nauck.</span> <span class='ocrx_word' id='word_1_333' title='bbox 1006 4076 1033 4128; x_wconf 93' lang='lat' dir='ltr'>p.</span> <span class='ocrx_word' id='word_1_334' title='bbox 1053 4058 1106 4125; x_wconf 88' lang='lat'>68).</span> 
     </span>
    </p>
   </div>
   <div class='ocr_carea' id='block_1_10' title="bbox 0 0 1403 4554">
    <p class='ocr_par' dir='ltr' id='par_1_11' title="bbox 0 0 1403 4554">
     <span class='ocr_line' id='line_1_39' title="bbox 0 0 1403 4554; baseline 0 0"><span class='ocrx_word' id='word_1_335' title='bbox 0 0 1403 4554; x_wconf 95' lang='lat' dir='ltr'> </span> 
     </span>
    </p>
   </div>
  </div>
 </body>
</html>
