2782 4554
626 231 675 299 53·

10 406 12 417 '
58 411 161 475 etiam
191 411 253 476 hoc
280 409 425 490 colligere
447 409 535 488 licet,
564 431 725 475 summam
748 413 845 477 totius
867 412 992 481 tabulae
1015 413 1077 475 vim
1100 416 1240 496 poetam·

59 511 92 573 in
132 510 254 574 melicis
289 509 483 573 carminibus
524 511 682 591 posuisse,
727 512 813 592 quod
855 513 979 576 videtur
1021 513 1061 575 de
1101 509 1234 584 ἱκέτιδες

60 609 182 673 valere.
244 609 307 672 Sed
360 608 471 672 dubito
520 629 561 673 an
615 611 711 674 etiam
753 612 813 675 alia
855 613 894 676 de
938 631 1034 676 causa
1076 615 1170 693 poeta
1213 631 1234 676 a

59 709 166 776 choro
204 708 329 771 titulum
372 709 504 790 petierit.
558 709 682 773 Etenim
723 731 847 775 merum
882 711 1047 792 singularis
1079 730 1233 792 personae

10 828 13 837 ’
58 827 185 872 nornen
220 808 327 871 statim
364 808 394 870 in
432 809 615 872 universum
646 811 775 889 quidem
807 811 985 892 argumenti
1018 811 1231 891 cognitionem

58 906 231 989 aperiebat
268 907 423 990 nobisque
457 908 641 972 etiamnunc
672 911 787 991 aperit3
823 911 853 973 in
890 910 979 974 ebori
1011 910 1140 973 nomine
1169 909 1233 973 tale

58 1006 142 1098 quid
158 1007 257 1084 deest,
279 1027 343 1088 quo
365 1007 448 1071 intra
465 1011 575 1072 certae
596 1008 723 1073 fabulae
744 1009 821 1072 fines
837 1010 1015 1090 adigamur,
1037 1010 1080 1072 ita
1095 1013 1130 1072 ut
1150 1009 1234 1072 idem

57 1106 153 1171 clrori
169 1125 297 1181 nomen,
312 1108 597 1187 quamvismutatis
611 1109 761 1190 personis,
780 1128 908 1190 prorsus
920 1109 1049 1172 diversis
1062 1108 1174 1172 fabulis
1186 1107 1234 1170 in·

57 1205 158 1271 scribi
187 1209 309 1287 posset,
332 1207 418 1270 velut
442 1205 581 1280 ἱκέτιδας
611 1209 705 1271 aliarn
731 1207 923 1287 Aeschylus,
953 1208 1047 1272 aliam
1066 1207 1235 1288 Euripides

59 1306 255 1382 nominavit,
279 1310 431 1387 Σκυρίους
451 1308 545 1370 aliam
569 1307 752 1388 Sophocles
776 1307 871 1371 aliam
883 1307 1057 1388 Euripides.
1099 1306 1233 1371 Poetam

57 1409 176 1472 autern
200 1405 274 1469 data
297 1425 393 1487 opera
416 1409 446 1471 in
471 1406 597 1471 fabulae
621 1407 838 1469 nominatione
860 1407 1026 1488 appetisse,
1050 1425 1090 1469 ne
1112 1409 1236 1486 specta·

57 1511 173 1570 torum
192 1506 383 1585 exspectatio
403 1509 478 1571 ante
490 1509 615 1587 tempus
627 1505 815 1586 expleretur,
838 1506 893 1569 sed
905 1506 1001 1570 etiarn
1011 1505 1234 1584 adaugeretur,

57 1625 121 1687 ego
158 1604 286 1687 quidem
326 1625 531 1688 nequaquam
570 1605 780 1686 improbabile
814 1605 956 1668 dixerim.
1005 1603 1136 1667 Accedit
1165 1601 1235 1667 hoc.

56 1705 227 1769 Personae
255 1702 421 1784 singularis
450 1724 567 1768 nomen
590 1704 874 1786 condicionemque
896 1707 1092 1785 spectatores
1115 1705 1170 1766 aut
1192 1702 1234 1765 ab

56 1807 131 1887 ipsa
154 1801 390 1883 comperiebant
411 1807 468 1867 aut
490 1805 532 1867 ab
553 1805 616 1868 alia
637 1824 782 1887 persona,
805 1804 992 1886 plerumque
1015 1822 1034 1866 a
1056 1802 1161 1880 choro,
1184 1800 1233 1864 vel

54 1904 249 1984 alloquente
273 1920 345 1964 eam
369 1902 416 1964 vel
440 1904 662 1983 procedentem
693 1904 869 1980 indicante,
897 1903 929 1965 id
965 1902 1052 1984 quod
1084 1900 1173 1964 tacite
1194 1920 1233 1963 ex

56 2000 288 2084 superstitibus
301 2000 414 2064 fabulis
429 2022 599 2083 cognosces
608 2023 616 2082 ;
638 2002 724 2066 claori
742 2003 887 2066 intrantis
902 2001 1003 2083 qualis
1017 2004 1132 2065 natura
1144 2003 1234 2075 esset,

56 2118 266 2184 quamquam
285 2102 400 2161 ornatu
416 2103 638 2182 apparatuque
652 2101 758 2182 aliqua
772 2121 810 2165 ex
823 2105 913 2184 parte
926 2099 1109 2174 notabatur,
1126 2100 1233 2160 tamen

56 2197 208 2263 dubitari
238 2198 379 2277 poterat;
409 2215 545 2278 eamque
573 2198 805 2261 dubitationem
827 2199 953 2261 videtur
975 2199 1069 2278 poeta
1090 2195 1121 2256 in
1145 2194 1236 2257 titulo
1279 2184 1281 2189 ’

55 2295 424 2361 votuisscantevertere.
463 2293 642 2374 Atquehac
654 2295 775 2358 ratione
786 2315 850 2360 non
862 2293 964 2359 multo
976 2298 1045 2376 post
1058 2312 1156 2376 quam
1168 2292 1235 2373 ipsa

55 2391 178 2458 fabula
206 2389 342 2472 spectari
364 2393 527 2470 coeperat,
557 2391 665 2454 omnia
686 2392 926 2474 spectatoribus,
947 2411 1030 2473 quae
1050 2391 1120 2454 sciri
1142 2390 1236 2452 debe-

53 2493 159 2565 bant,
184 2488 260 2550 satis
278 2487 425 2568 expedita
445 2489 576 2566 erant1).
615 2489 700 2552 Inter
710 2507 821 2552 omnes
833 2492 942 2552 autem
955 2489 1069 2551 choros
1080 2487 1236 2574 indicasse

55 2590 126 2652 boc
159 2585 227 2648 loco
255 2584 330 2646 satis
359 2587 405 2646 est
433 2583 555 2648 nullum
585 2607 697 2669 aeque·
715 2587 929 2668 significanter
962 2585 1145 2665 inscriptum
1170 2604 1235 2646 esse

55 2689 168 2766 atque
190 2679 385 2760 Εὐμενίδας,
412 2681 443 2743 in
466 2701 531 2763 quo
554 2685 682 2746 nomine
706 2685 802 2748 totius
824 2681 975 2745 Oresteae
998 2682 1139 2763 trilogiae
1162 2702 1236 2763 pro·

56 2801 141 2864 sper
165 2779 266 2842 exitus
290 2782 397 2840 mente
419 2780 621 2861 praecipitur.

153 2908 260 2987 Longe
291 2928 366 2971 vero
395 2908 550 2989 plurimae
581 2910 725 2988 tabulae,
756 2931 836 2994 quas
865 2910 995 2990 longum
1025 2914 1072 2972 est
1101 2909 1238 2989 singulas

60 3005 261 3082 adscribere,
285 3008 486 3088 maximeque
506 3007 587 3071 inter
605 3007 762 3089 principes
774 3007 971 3089 Euripideae,
993 3025 1013 3068 a
1034 3005 1239 3085 singulari

60 3122 248 3190 persona
272 3123 387 3166 nomen
410 3109 611 3186 acceperunt.
654 3103 729 3167 Erat
739 3103 823 3167 enirn
837 3105 916 3167 haec
929 3102 1092 3183 aptissima
1103 3102 1238 3182 signatio

63 3205 136 3268 eius
159 3201 351 3280 argumenti,
375 3202 461 3282 quod
484 3203 514 3264 in
536 3201 630 3272 unius
646 3219 803 3282 personae
820 3201 867 3264 vel
888 3200 1035 3281 patientis
1052 3200 1099 3264 vel
1117 3200 1239 3279 agentis

64 3302 166 3366 rebus
191 3305 375 3363 versaretur.
420 3301 527 3381 Atque
554 3299 629 3379 quia
658 3318 784 3362 summa
811 3299 942 3361 actionis
967 3298 1140 3379 primarum
1165 3317 1234 3379 par·

65 3405 151 3466 tium
175 3398 274 3461 actori
295 3398 414 3460 tributa
436 3401 514 3473 erat,
536 3416 555 3459 a
578 3397 728 3477 primaria
742 3414 878 3477 persona
899 3395 978 3458 solet
996 3394 1106 3457 titulus
1122 3396 1237 3476 petitus

66 3518 149 3563 esse.
197 3495 318 3559 Tamen
342 3495 491 3557 videntur
513 3514 576 3557 non
604 3513 660 3558 eae
680 3493 808 3557 fabulae.
830 3492 947 3570 deesse,
974 3493 1090 3574 quibus
1111 3493 1239 3556 inferior

66 3613 211 3679 persona
232 3593 381 3673 inscripta
403 3589 484 3671 sill).
523 3592 698 3673 Singularis
719 3593 829 3655 autem
854 3606 1008 3671 personae
1031 3589 1134 3652 locum
1158 3609 1239 3654 non·

70 3779 267 3788 ————·

147 3890 173 3956 1)
196 3888 341 3956 Euripides
359 3890 444 3944 etiam
463 3890 492 3943 in
511 3891 626 3961 prologo
645 3909 735 3946 rerum
755 3889 950 3962 expositionem
972 3890 1095 3958 praebet.

144 3992 172 4059 2)
191 3991 230 4045 ef.
250 3991 356 4046 Welclx.
377 3993 466 4049 Prom.
486 4011 511 4064 p.
531 3995 572 4049 69.
