2782 4554
641 209 680 276 a
780 190 789 197 .

67 391 174 456 imum
204 402 394 474 pernoscere
424 393 510 469 licet,
543 392 599 459 sed
629 410 687 473 per
710 410 745 454 se
766 393 853 472 patet
874 391 906 455 in
928 391 1093 457 hierenus
1115 413 1244 461 menum

66 494 186 572 poetae
222 492 389 556 arbitrium
428 511 466 555 ac
501 490 646 555 fortuitas
676 490 878 557 condiclones
908 491 1031 574 aliquid·
1057 493 1193 558 valuisse
1221 514 1241 559 a

67 593 203 655 nostrae
218 591 366 656 scientiae
379 592 496 655 finibus
515 590 709 654 remotiores.
743 588 868 654 Tamen
877 590 911 654 in
923 591 1104 673 universum
1113 593 1241 676 aliquae

68 687 159 770 leges
182 710 216 753 sc
238 691 392 768 offerunt,
415 711 499 772 quae
521 709 593 755 cum
614 689 646 753 in
669 689 780 770 quavis
801 689 1006 771 inscriptione
1026 690 1148 771 primae
1168 691 1247 770 sint,

64 788 168 853 etiam
192 789 243 852 hic
262 789 380 854 debent
401 794 490 863 ratae
510 790 613 855 fuisse.
654 789 726 870 ipsa
747 788 833 852 enim
856 788 966 854 indicis
988 793 1122 869 natura,
1153 792 1241 872 quod

66 907 126 970 per
149 908 184 952 se
207 893 311 970 patet,
340 891 495 971 postulat,
520 892 555 952 ut
577 887 703 953 fabulae
727 907 872 964 summa,
895 907 992 969 quam
1015 890 1156 953 maxime
1176 911 1245 957 unu

66 986 205 1050 nomine
226 989 334 1069 possit,
358 989 581 1052 convenienter
603 988 647 1051 rei
668 991 766 1069 atquc
787 986 1002 1067 significanter
1021 988 1240 1055 adumbretur.

67 1085 191 1151 Verum
217 1089 368 1169 quoniam
392 1089 473 1152 haec
494 1087 636 1152 delinitio
653 1106 722 1151 uon
744 1091 813 1151 tam
838 1086 975 1150 creantis
992 1106 1030 1151 ac
1052 1087 1242 1168 proferentis

64 1189 204 1267 poetae,
235 1206 334 1268 quam
362 1188 605 1269 percipientium
636 1187 847 1267 posteriorum
876 1189 939 1264 est,
969 1186 1075 1264 nescio
1102 1205 1145 1250 an
1172 1187 1240 1270 ipse

64 1288 169 1366 poeta
197 1305 268 1349 eam
301 1287 404 1367 potius
433 1285 641 1367 principalem
663 1285 950 1365 legem-habuerit,
982 1303 1064 1367 quae
1087 1286 1187 1355 altera
1207 1287 1240 1352 in

66 1385 160 1448 omni
184 1385 404 1449 nominatione
425 1389 550 1463 est,.ut
572 1404 671 1467 quam
693 1385 889 1449 arctissimus
909 1402 947 1447 ac
969 1384 1171 1449 brevissimus
1191 1385 1240 1449 in·

61 1484 127 1547 dex
154 1488 247 1548 esset.
290 1485 343 1549 An
373 1504 462 1561 veru,
492 1485 517 1548 si
546 1484 636 1548 aliter
663 1503 713 1548 res
735 1503 770 1548 se
792 1482 940 1559 haberet,
969 1482 1063 1563 longe
1082 1483 1240 1564 plurimae

61 1579 198 1645 fabulae
236 1600 301 1649 uno
340 1583 474 1664 simplici
503 1582 632 1645 nomine
661 1585 769 1645 essent
797 1582 990 1663 inscriptae?
1039 1579 1148 1661 Atque
1178 1581 1240 1646 hac

59 1679 307 1745 ratiocinatione
330 1682 477 1759 adducti,
507 1700 590 1762 quae
611 1699 670 1744 sua
691 1683 804 1761 sponte
826 1681 902 1745 satis
923 1683 1063 1757 constat,
1085 1697 1184 1760 supra
1204 1679 1237 1743 in

60 1777 277 1860 amplioribus
299 1780 396 1845 titulis
414 1780 563 1844 omnibus
581 1779 813 1860 simplicitatem
837 1779 1089 1859 efflagitavimus

149 1908 228 1974 Tria
250 1914 357 1975 antem
382 1913 413 1975 in
436 1912 617 1975 universum
640 1911 807 1975 titulorum
831 1928 949 1993 genera
970 1912 1119 1976 videntur
1140 1910 1236 1975 statui

59 2028 174 2093 posse.
218 2009 313 2074 Petiti
339 2012 424 2074 enim
457 2014 532 2074 sunt
559 2013 615 2074 aut
642 2030 662 2074 a
691 2011 787 2075 choro
810 2016 866 2077 aut
888 2031 908 2076 a
929 2011 1079 2092 singulari
1101 2018 1237 2092 persona

56 2111 121 2172 aut
133 2107 261 2190 abipsa
275 2130 319 2174 re.
353 2111 461 2192 Atque
475 2128 584 2173 earum
603 2108 796 2186 fabularum,
817 2111 933 2193 quibus
951 2111 1101 2173 chorus
1118 2128 1235 2173 nomen

56 2206 167 2284 dedit,
190 2207 222 2271 in
245 2210 405 2272 nonnullis
423 2208 520 2272 titulis
537 2209 625 2272 chori
642 2228 741 2288 gens
759 2214 797 2273 et
816 2211 932 2290 origo
949 2208 1154 2290 significatur.
1184 2208 1236 2273 Sic

54 2307 239 2388 inscriptae
267 2310 342 2370 sunt
370 2307 566 2389 Aeschyleae
593 2304 772 2386 Αἰγύπτιοι,
795 2306 956 2387 Αίιναϊαι,
978 2308 1114 2388 Ἀργεῖοι,
1136 2306 1237 2369 Ἐλεο-

53 2410 175 2484 σίνιοι,
195 2404 342 2482 Ἠδωνοί,
365 2408 470 2486 Κᾶρες
490 2402 529 2488 (ἢ
547 2403 718 2488 Εύριύπη),
740 2410 906 2490 Κρῆσσαι,
929 2404 1085 2487 Λήμνιαι,
1108 2409 1238 2485 Μυρμι-

52 2503 177 2581 δόνες,
206 2502 438 2585 Περραιβίδες,
469 2510 613 2586 Πέρσαι,
642 2503 854 2587 Σαλαμίνιοι,
884 2502 1008 2585 Φρύγες
1034 2498 1072 2587 (ἢ
1086 2500 1238 2582 Ἕκτορος

51 2602 197 2684 λύτρα),
228 2604 425 2685 Sophocleae
447 2601 608 2675 Αἰθίοπες
630 2606 687 2684 (=
707 2602 888 2685 Μέμνοιν),
910 2601 1073 2681 Δόλοπες,
1094 2601 1239 2680 ἐπίγονοι

52 2709 120 2787 (==
138 2700 322 2786 Ἐριφύλη),
345 2707 496 2783 Καμίκιοι
512 2704 570 2783 (=
588 2704 729 2786 Μίνως),
751 2703 915 2783 Κολχίδες,
936 2700 1112 2779 Λάκαιναι,
1134 2707 1237 2781 Ααρι-
1341 2775 1344 2783 Ι

53 2806 172 2881 σαῖσι,
195 2800 358 2885 Λήμνιαι,
390 2801 531 2882 (Ἀτρεύς
551 2799 589 2883 ἢ)
613 2806 819 2885 Μοιιηοαῖαι,
847 2805 963 2865 Monoi
981 2804 1040 2880 (ι-
1065 2797 1237 2879 Τήλεφος),

55 2900 209 2976 Σκύθαι,
226 2900 365 2983 Σκύριοι,
391 2905 568 2980 Τραχίνιοιι,
593 2906 744 2980 Φαίακες,
769 2899 963 2978 Φθιώτιδος,
988 2895 1120 2978 Φρύγες,
1146 2897 1238 2961 Euri·

54 3002 143 3085 pidis
169 3001 339 3080 Κρῆσσαι,
360 3002 497 3081 Κρῆτες,
521 2999 667 3080 Σκύριοι,
692 2999 860 3079 Τρῳάδες,
883 3003 1067 3063 Φοίνισσαι.
1112 2995 1235 3074 Quibus

57 3100 226 3166 accedunt
249 3099 341 3162 unius
354 3099 499 3180 Aeschyli
522 3119 589 3176 eae,
613 3118 752 3180 quarum
767 3099 885 3163 chorus
896 3096 1080 3160 numinibus
1090 3094 1235 3171 efficitur,

58 3198 257 3280 Εύμενίδες,
274 3197 432 3275 Ἡλιάδες,
455 3195 618 3278 Κάβειροι,
638 3197 805 3279 Νηρείδες,
837 3197 913 3261 Allis
930 3194 1112 3259 nominibus
1124 3194 1236 3257 vitae

59 3299 263 3366 condicio
285 3298 347 3360 vel
367 3302 482 3361 aetas
505 3298 591 3361 chori
617 3301 763 3372 notatum
792 3295 969 3361 cuiusmodi
991 3296 1067 3357 sunt
1087 3291 1236 3372 Aeschyli

61 3397 213 3483 Βάκχαι,
231 3396 452 3477 Βασσαρίδες,
476 3395 685 3474 δικτνονλκοί,
708 3386 977 3476 δαλαμοποιοίῑ),
1001 3391 1121 3473 ἱέρειαι,
1144 3390 1236 3455 ὀστο-

61 3496 167 3579 λύγοι,
190 3500 403 3576 προπομποί,
425 3494 605 3573 ιοξόιιδες,
629 3499 806 3573 νεανίσκοι,
828 3493 969 3575 (Σεμέλη
990 3488 1027 3571 ἦ)
1049 3489 1235 3573 ύδροςιόροι,

61 3599 220 3683 satyricae
250 3600 381 3677 τροφοί,
410 3594 559 3679 κήρυκες,
593 3595 758 3677 Sophoclis
789 3591 1042 3674 αίχμαλοιτίδες,
1072 3595 1235 3669 ποιμένες,

62 3697 200 3779 μάντεις
220 3696 277 3777 (=
295 3694 481 3774 Πολύιδος),
504 3693 678 3774 πλύνιριαι
695 3695 752 3774 (=
774 3690 976 3774 Ναυσικάα),
998 3693 1233 3770 τυμπανισιαί,

63 3792 253 3879 ύδροφύροι,
274 3795 429 3878 satyricae
449 3792 603 3872 ίχνενιαί,
625 3797 738 3874 κωφοί,
758 3789 943 3874 (Πανδώρα
960 3787 998 3872 ἢ)
1020 3787 1235 3873 σφυροκόιιοι,

66 3938 263 3950 ---·--

130 4028 158 4103 1)
179 4023 281 4080 Pollux
301 4024 377 4090 maa
394 4024 466 4085 hane
484 4023 623 4087 actionem
638 4027 735 4095 τέχην
753 4025 844 4086 rocon
