2782 4566
617 237 657 302 27

79 416 103 488 ,2
123 437 154 496 p.
181 415 349 495 111la10),
376 417 478 482 altera
498 417 634 500 satyrica
655 417 750 499 pleno
770 418 902 483 nomine
925 419 956 482 in
978 437 1043 483 uno
1064 418 1224 498 catalogo.-

79 535 160 594 onge
181 515 265 579 enim
288 513 413 596 plurimi
434 515 492 580 loci
508 520 658 598 Σίσυφον
680 517 839 597 exhibent,
862 521 959 600 alque
982 536 1091 582 eorum
1106 528 1232 598 quam·

79 633 151 676 uani
181 612 324 677 nonnulli
352 614 500 682 videntur
525 615 696 699 satyricam
727 616 915 697 spectareb,
946 617 1087 698 plerique
1111 619 1220 679 tamen

79 712 155 775 trius
177 711 294 776 fuerint
315 713 502 793 ambiguum
524 717 580 778 est.

568 868 644 984 par.
667 900 698 965 8.
742 934 746 949 «

136 1022 198 1085 Sed
230 1022 397 1087 incertiora
424 1025 519 1089 haec:
546 1027 751 1106 accingamur
781 1024 822 1088 ad
854 1025 995 1088 certiora.
1040 1025 1107 1088 lam
1136 1025 1220 1088 enirn

78 1124 138 1184 iter
160 1122 365 1201 cognomines
383 1123 511 1187 tabulas
526 1123 682 1189 nonnulla
703 1143 815 1188 earum
835 1124 924 1204 paria
937 1126 1067 1199 restant,
1083 1142 1221 1204 quarum

79 1244 82 1282 ι
107 1220 251 1284 neutrius
272 1221 362 1285 titulo
380 1241 540 1303 agnomen
559 1225 647 1305 quod
671 1225 779 1300 fertur,
800 1223 858 1305 ipsi
873 1225 987 1303 poetae
1007 1221 1116 1285 deberi
1134 1221 1223 1284 haud

79 1319 178 1383 ifficile
200 1323 248 1382 est
264 1321 304 1382 ad
320 1322 605 1400 comprobandum.
634 1325 740 1405 Atque
756 1323 836 1386 duas
850 1321 1014 1402 Euripides
1030 1320 1225 1401 Ἀλκφέωοας
1315 1326 1318 1333 ’

79 1419 177 1500 rripsit
192 1434 277 1500 quae
295 1419 313 1479 ὁ
330 1419 386 1481 aaa
402 1421 557 1502 Ψωφῖδος
578 1427 610 1486 et
625 1422 644 1484 ὁ
657 1422 713 1484 drot
725 1424 890 1501 Κορίνθου
900 1423 1065 1494 vocantur,
1085 1419 1223 1501 plerum·
1246 1460 1248 1465 ·

79 1537 116 1581 ue
138 1536 214 1580 vero
234 1519 355 1582 omissis
373 1521 599 1585 additamentis
619 1524 764 1586 citantur.
807 1521 951 1598 Quarum
973 1519 1183 1601 Psophidium
1202 1539 1223 1583 a

79 1621 149 1680 oeta
165 1615 213 1679 Ol.
223 1617 273 1694 85,
282 1619 312 1693 2,
336 1617 535 1683 Corinthium
551 1625 623 1702 post
644 1626 758 1703 poetae
777 1628 914 1684 mortem
931 1619 991 1699 (Ol.
1003 1619 1087 1697 932)
1109 1639 1128 1682 a
1149 1638 1223 1698 cog·

79 1716 175 1778 omini
199 1715 263 1779 filio
286 1717 413 1780 doctam
435 1739 501 1781 esse
520 1721 715 1785 didascalicis
732 1720 918 1784 testimoniis
931 1721 1056 1782 constat
1077 1720 1118 1797 (v.
1141 1718 1222 1780 infra

79 1835 125 1878 ar.
152 1813 216 1894 15).
249 1815 346 1897 Atqui
368 1817 399 1878 in
422 1817 456 1878 iis
478 1818 563 1897 prior
585 1818 637 1880 illa
651 1819 807 1899 Ἀλκμέων
824 1818 912 1881 ddici
930 1817 1095 1899 Ψωφῖδος,
1116 1821 1223 1898 poste·

80 1934 117 1977 or
126 1913 280 1991 Ἀλκμέων
303 1915 400 1978 audit.
439 1916 522 1996 Ergo
543 1923 669 1982 corruet
690 1923 759 1982 tota
779 1916 890 1982 nostra
912 1917 952 1980 de
971 1916 1125 1979 eiusmodi
1146 1917 1222 1979 titu-

79 2034 90 2076 s
113 2014 207 2089 ratio,
228 2031 298 2094 'qua
320 2014 488 2078 videbatur
517 2017 602 2097 prior
624 2018 734 2081 fabula
754 2038 841 2081 mero
866 2017 980 2080 debere
1002 2017 1129 2079 nomine
1150 2035 1223 2096 pre

79 2113 135 2188 rio,
158 2112 299 2192 pleniore
322 2112 423 2177 indice
444 2117 600 2194 posterior
621 2117 773 2199 inscripta
797 2117 911 2180 luisse?
942 2115 1035 2178 Certe
1057 2115 1222 2195 posteriori

79 2231 172 2274 omen
192 2211 359 2290 Ἁλκμέωοο
380 2214 471 2276 luisse
492 2214 681 2280 didascalica
713 2218 767 2280 illa
789 2215 979 2281 auctoritate
1007 2215 1083 2276 satis
1105 2214 1221 2276 contir-

79 2310 200 2389 ratur2).
221 2311 443 2387 Quidautem?
463 2314 586 2395 Nempe
599 2316 674 2379 nibil
687 2317 719 2379 in
732 2335 770 2380 ea
782 2337 816 2380 re
828 2314 920 2378 alieni
933 2317 988 2376 est.
1017 2312 1120 2376 Minor
1136 2313 1220 2375 enim

79 2410 1222 2492 uripidesAlcmaeonem,utsuarnnimirum,docturusexunivi-reatitu-
1329 2428 1332 2441 ·

79 2527 158 2571 »rum
170 2510 293 2571 ratione
307 2510 439 2591 simplici
453 2513 582 2575 nomine
595 2514 725 2595 proprio
736 2513 879 2594 signavit.
903 2511 968 2574 Nec
977 2511 1067 2574 aliter
1077 2511 1107 2571 in
1117 2509 1221 2590 priore

79 2627 112 2670 ra
128 2608 300 2688 Psophidio
322 2610 423 2672 maior
442 2611 605 2691 Euripides
621 2610 736 2675 lecerit.
777 2611 828 2674 An
852 2614 947 2691 putas
973 2629 1045 2672 eum
1070 2610 1132 2671 iarn
1155 2612 1221 2670 turn

80 2705 255 2769 orinthium
271 2708 407 2771 scribere
424 2709 568 2772 animum
584 2710 765 2795 induxisse?
799 2709 916 2772 Mirum
934 2709 1018 2771 enim
1032 2708 1092 2770 nisi
1113 2707 1182 2782 hoc,
1197 2708 1224 2769 si

79 2808 163 2867 rente
184 2806 421 2888 agitassetper
442 2812 509 2870 lam
531 2809 663 2889 longum
681 2808 832 2889 temporis
852 2808 1002 2889 spatium,
1024 2806 1160 2887 quodsi
1182 2805 1224 2868 ad

79 2924 241 2985 rpremum
281 2906 361 2968 diem
399 2908 608 2989 suppetebat,
645 2909 739 2971 etiarn
773 2907 815 2970 ad
847 2907 997 2970 effectum
1031 2903 1222 2966 adduxisset.

79 3003 227 3081 Vtriusque
249 3004 344 3083 igitur
368 3005 494 3069 tabulae
509 3007 682 3085 genuinum
706 3007 843 3069 indicem
856 3004 1035 3085 Ἀλκμέωνα
1058 3002 1153 3065 luisse
1174 3001 1223 3064 vel

79 3102 130 3164 rde
153 3119 211 3164 sua
232 3106 347 3182 sponte
370 3107 466 3184 patet,
487 3106 574 3186 quod
592 3107 724 3170 alteram
747 3104 828 3168 alter
845 3107 941 3184 poeta
970 3101 1076 3165 edidit.
1119 3099 1163 3163 At
1184 3099 1224 3162 de

79 3200 231 3280 'sopbidio
255 3203 296 3263 ad
321 3202 545 3267 didascalicum
564 3203 639 3266 illud
656 3204 873 3267 testimonium
887 3201 1085 3284 provocabis,
1106 3199 1136 3261 in
1159 3215 1224 3279 quo

79 3299 174 3379 >gitur
189 3298 374 3380 Ἀλκμαίωνι
397 3304 444 3382 τῷ
461 3302 517 3364 dcci
537 3302 700 3384 Ψωφῖδος.
729 3303 813 3366 Sane
835 3301 1024 3365 didascalica
1046 3300 1073 3391 ei
1093 3318 1221 3380 quoque

79 3453 251 3461 --—-.-——-—-.

128 3521 154 3583 1)
177 3520 215 3574 Ct.
236 3519 342 3574 Welck.
362 3521 451 3574 Prom.
471 3539 497 3590 p.
518 3523 568 3575 555
588 3537 648 3588 sqq.

125 3607 154 3672 2)
173 3604 232 3657 Nisi
251 3607 322 3660 forte
343 3607 486 3676 amplioris
504 3607 583 3661 tituli
601 3607 727 3676 quamvis
745 3608 829 3660 tenue
848 3604 994 3673 vestigium
1014 3603 1043 3656 in
1062 3620 1094 3656 eo
1111 3619 1223 3656 cernen-

79 3707 120 3742 um
139 3691 231 3757 putas,
250 3693 323 3758 quod
342 3692 371 3745 in
390 3693 440 3746 illo
459 3693 518 3746 loco
537 3693 629 3760 (schol.
643 3695 688 3748 Ar.
705 3694 773 3764 Rau.
793 3711 815 3744 v.
836 3694 882 3755 67)
900 3691 959 3745 eod.
972 3690 1094 3744 Venetus
1111 3689 1224 3743 exhibet

79 3778 180 3835 ῐὶκμοιω
199 3778 278 3830 drona.
317 3780 360 3831 Ad
380 3778 447 3833 duas
465 3783 560 3833 autem
579 3779 701 3833 eiusdem
721 3779 831 3832 fabulae
850 3777 984 3831 editiones
1003 3776 1049 3830 vix
1069 3776 1143 3829 voles
1160 3792 1223 3829 cum

80 3861 174 3915 oeckh.
194 3861 289 3918 Graec.
308 3867 381 3932 trag,
401 3865 487 3932 princ.
506 3884 532 3934 p.
550 3866 600 3918 222
625 3864 794 3934 cogitatione
818 3864 919 3928 dilabi;
944 3863 1053 3916 diversa
1075 3861 1149 3916 eninr
1171 3860 1223 3913 ali·

79 3951 194 4016 uantum
213 3947 286 4001 inter
305 3966 333 4002 sc
352 3954 519 4019 argumenta
537 3950 621 4004 fuisse
642 3951 685 4004 vel
704 3966 736 4004 co
755 3950 913 4004 declaratur
931 3949 1005 4019 quod
1016 3949 1074 4003 solu
1086 3944 1225 4002 adiectiva

79 4031 106 4084 lu
124 4030 307 4103 reperiuntur,
327 4050 381 4087 non
399 4035 575 4106 reperiuntur
594 4035 695 4105 singna
712 4037 730 4088 α’
749 4038 778 4089 et
794 4037 827 4102 β.
