2782 4554
744 212 767 283 4

173 390 280 480 aliqua
290 397 321 462 in
332 395 449 478 fabula,
462 400 492 462 in
506 405 686 483 qualamen
700 402 868 479 nescimus,
877 394 1054 484 spectatam
1064 406 1169 486 fuisse;
1180 429 1256 475 nam
1269 431 1341 493 pro·

172 497 254 562 disse
282 519 352 563 eam
380 501 501 582 ipsam,
531 520 595 564 non
618 505 743 564 tanturn
768 504 931 567 narrando
953 506 1143 589 descriptam
1167 510 1282 589 fuisse,
1312 514 1340 575 in

170 596 223 661 illo
255 599 325 663 loco
360 602 492 664 verbum
525 603 629 662 ποιῶν
661 603 736 664 satis
770 602 919 666 declarat.
971 605 1065 670 Haud
1098 607 1212 674 iniuria
1245 612 1338 675 etiam

171 697 346 778 Aeschylea
379 702 509 783 Φρύγιον
537 701 678 779 deletur,
705 721 787 784 quae
816 703 846 764 in
875 723 940 766 uno
963 706 1108 787 catalogo
1131 714 1336 774 memoratur.

171 797 232 860 Per
255 798 489 882 διννογραφίαν
517 801 600 864 enim
625 821 663 864 ex
689 804 824 883 Φρυγῶν
849 804 995 882 nomine,
1025 807 1111 888 quod
1135 807 1165 871 in
1196 809 1339 889 catalogo

171 897 363 980 insequitur,
394 899 519 963 videtur
550 920 587 963 ea
615 921 634 963 a
662 901 790 964 librario
813 903 954 983 quodam
976 905 1080 968 efficta
1103 925 1180 970 esse.
1216 907 1337 970 Tamen

172 1019 212 1062 ne
234 999 458 1080 neglegamuS,
492 1000 523 1061 in
548 1000 660 1063 eodem
683 1001 828 1081 catalogo
856 1003 977 1085 aliquot
1002 1006 1167 1069 nominum
1191 1009 1340 1071 termina·

67 1170 72 1175 ,
171 1101 291 1163 tionem
307 1104 490 1181 corruptam
509 1119 586 1177 esse,
608 1100 694 1163 velut
708 1099 854 1163 Αἰτναῖον
869 1103 1020 1184 scriptum
1038 1110 1084 1167 est
1107 1104 1340 1187 profiteretur,

172 1199 363 1281 Σαλαμίνιοι
380 1220 436 1282 pro
447 1198 651 1278 Salapitani.
676 1200 758 1262 Vera
776 1201 871 1280 igitur
886 1203 1043 1285 scriptura
1060 1205 1192 1269 tortasse
1206 1204 1341 1287 Φρύγιαι

170 1302 280 1374 fuerit3
305 1299 441 1382 Φρύγιαι
454 1305 562 1365 autem
576 1299 728 1362 feminina
738 1300 866 1382 pluralis
877 1302 981 1366 torma
992 1323 1056 1367 non
1072 1304 1174 1368 solum
1186 1307 1341 1382 adiectivi,

170 1403 335 1466 sedetiam
353 1401 542 1466 substantivi
565 1401 701 1462 nominis
723 1404 780 1477 est,
803 1404 882 1463 teste
900 1401 1009 1483 Steph.
1025 1403 1155 1485 Byzant.
1172 1425 1201 1468 v.
1218 1411 1342 1488 Φρυγία

170 1537 209 1546 -
237 1503 275 1563 τὸ
304 1501 438 1563 ἐθνικόν
472 1497 564 1582 Φρύξ
596 1499 649 1560 καὶ
680 1496 804 1578 Φρύγες
838 1501 892 1561 καὶ
926 1506 1050 1583 Φρυγία
1079 1499 1260 1582 ἄνθρωπος
1289 1506 1342 1567 καὶ

173 1599 312 1684 Φρύγιον
333 1599 388 1682 (cl.
406 1600 546 1663 thesaur.
561 1597 669 1662 Graec.
685 1596 758 1678 ling.
778 1599 837 1661 vol.
851 1599 926 1664 Vlll.
937 1621 968 1682 p.
983 1600 1091 1682 1089).
1133 1601 1340 1686 Quamquam

170 1703 264 1785 quale
288 1704 514 1782 argumentum
534 1702 688 1776 Φρυγίαις·
707 1698 912 1761 tribuendum
938 1704 1028 1777 esset,
1051 1702 1157 1764 minus
1179 1703 1342 1783 pateret).

686 1919 755 1983 par.
778 1900 809 1966 2.

252 2022 323 2084 Alia
345 2020 486 2097 nomina,
511 2038 595 2100 quae
612 2019 766 2100 imprimis
784 2022 914 2099 propter
931 2021 1183 2084 testimoniorum
1198 2022 1339 2105 inopiam

169 2139 413 2206 nonnumquam
444 2118 632 2190 reiciuntur‚
670 2136 729 2197 ego
759 2116 887 2199 quidem
919 2117 1090 2183 dubitarim
1124 2139 1166 2183 an
1198 2123 1341 2185 tenenda

170 2221 241 2282 sint.
287 2220 334 2282 Ac
357 2219 495 2282 maxime
512 2218 531 2279 ii
552 2215 635 2279 tituli
656 2216 719 2278 huc
741 2219 897 2297 spectant,
921 2218 1080 2300 inquibus
1097 2219 1203 2300 plures
1225 2225 1340 2302 poetae

169 2321 372 2382 concurrunt.
395 2316 602 2381 Grammatici
624 2316 706 2378 enim
731 2319 885 2396 putantur
909 2320 1078 2397 poetarum
1101 2319 1232 2382 nomina
1256 2321 1341 2384 inter

168 2438 203 2481 se
233 2416 427 2492 contudisse,
458 2416 488 2479 id
511 2414 597 2498 quod
621 2414 811 2495 aliquotiens
835 2414 953 2477 tactum
986 2436 1053 2480 esse
1078 2417 1159 2481 intra
1181 2418 1262 2499 (par.
1290 2419 1340 2498 12)

168 2517 343 2600 apparebit.
393 2517 444 2580 Sic
475 2515 560 2597 quod
594 2513 749 2595 Euripidis
778 2511 934 2596 Ἀλκμήνη
967 2516 1101 2592 exstitit,
1142 2520 1339 2597 cognominis

169 2616 344 2699 Aeschylea
366 2616 533 2693 deletur‘2),
557 2633 641 2695 quae
663 2613 759 2675 semel
781 2613 929 2676 laudatur
952 2613 1081 2695 (Aesch.
1105 2615 1140 2677 fr.
1162 2616 1199 2678 19
1223 2617 1298 2681 Hes.
1322 2621 1335 2681 1

168 2737 197 2798 p.
227 2715 316 2795 486).
367 2714 410 2779 At
448 2714 537 2776 nullo
574 2713 649 2776 iure.
701 2710 795 2789 Quod
833 2711 918 2774 enim
952 2712 986 2774 in
1017 2713 1163 2794 catalogo
1200 2735 1239 2780 ea
1272 2738 1337 2780 non

168 2815 298 2895 legitur,
341 2813 383 2877 nil
432 2813 506 2876 inde
549 2811 770 2892 consequitur,
821 2810 977 2892 siquidem
1032 2811 1072 2874 ibi
1112 2813 1209 2877 etiarn
1255 2817 1338 2879 aliae

169 2913 296 2977 fabulae
324 2913 453 2976 minime
481 2911 597 2975 dubiae
619 2910 848 2973 desiderantur.
893 2910 965 2972 Non
988 2912 1051 2972 veri
1080 2912 1210 2975 similius
1232 2915 1336 2978 eidem

167 3013 265 3076 errori
313 3011 510 3093 Sophocleae
552 3009 655 3083 Ἰξίων
705 3007 823 3089 (Soph.
866 3007 901 3069 fr.
944 3008 1006 3072 974
1049 3010 1146 3072 schol.
1188 3013 1337 3092 Apollon.

166 3112 272 3176 Rhod.
294 3112 379 3190 4,)4)
415 3114 446 3173 et
483 3114 630 3190 Σίσυφος
667 3107 717 3184 (tr.
740 3107 801 3170 500
824 3106 898 3170 Hes
924 3106 939 3168 1
964 3127 994 3188 p.
1019 3109 1109 3186 1589)
1140 3111 1336 3188 tribuuntur,

166 3211 241 3292 quia
273 3214 446 3290 utrumque
475 3227 593 3270 nomen
623 3207 719 3270 etiarn
750 3209 843 3269 ceteri
876 3207 1034 3289 principes
1064 3208 1336 3290 inscripserunt).

168 3306 297 3390 Φρύγας
318 3327 418 3371 unum
443 3306 650 3388 Aeschylum,
679 3325 743 3369 non
766 3306 840 3368 item
864 3305 1056 3386 Sophoclem
1078 3308 1236 3389 scripsisse
1260 3328 1337 3372 con·

237 3495 261 3562 1)
287 3495 327 3550 of.
346 3494 452 3549 Welclr.
477 3494 545 3546 Mus.
564 3492 651 3548 Rhen.
677 3492 731 3547 vol.
749 3493 780 3545 V.
799 3510 826 3561 p.
845 3492 896 3544 466
912 3508 984 3561 sqq„
1011 3493 1058 3561 qui
1077 3496 1155 3546 Ἰλίου
1179 3503 1270 3566 nepoti
1295 3498 1338 3550 in-

166 3580 283 3649 tellegit.

234 3667 261 3735 2)
287 3666 327 3721 Cf.
346 3663 453 3720 Welclr.
472 3663 554 3732 Trag.
574 3680 600 3732 p.
620 3664 653 3716 52
677 3662 734 3716 Alii
759 3661 886 3731 Aeschyli
912 3676 1011 3715 nomen
1036 3662 1076 3716 ita
1102 3669 1226 3728 servant,
1251 3668 1282 3719 ui
1309 3672 1336 3720 ἐν

161 3753 299 3824 ’Λμυμώνῃ
319 3769 367 3821 pro
387 3757 413 3804 ἐν
427 3751 554 3822 Ἀλκμήνῃ
572 3748 683 3817 legunt3
702 3748 735 3802 cf.
752 3746 858 3801 Nauck.
880 3747 896 3799 l.
913 3746 932 3801 l.
953 3765 979 3815 p.
999 3752 1023 3802 5.

232 3838 259 3904 3)
280 3837 319 3890 De
336 3836 489 3905 Euripiden
506 3840 600 3889 auteur
618 3833 701 3887 huius
721 3831 839 3886 nominis
859 3833 1022 3884 monendum
1045 3837 1094 3895 est,
1114 3835 1186 3899 quod
1201 3836 1234 3887 de
1248 3837 1337 3893 Wila-

163 3921 489 3976 mowitz-Moellendorff
506 3922 524 3974 l.
545 3921 563 3974 l.
583 3938 609 3988 p.
629 3919 678 3973 165
695 3936 749 3986 sq,
776 3923 868 3971 vetere
896 3918 1052 3970 testimonio
1078 3923 1116 3986 (v.
1135 3921 1248 3974 Nauck.
1278 3924 1296 3977 l.
1317 3925 1335 3978 l.

162 4026 188 4077 p.
199 4009 260 4074 599)
277 4008 351 4061 nisus
362 4005 560 4076 comprobavit,
581 4021 622 4072 aa,
642 4004 776 4074 quaeoub
790 4002 931 4070 Euripidis
949 4006 1058 4056 nomine
1070 4007 1204 4071 teruntur,
1224 4024 1253 4059 re
1269 4025 1336 4064 vera

160 4093 189 4146 in
209 4091 367 4163 cognomini
387 4090 492 4146 Critiae
511 4089 624 4161 tyranni
643 4090 740 4147 fabula
757 4088 860 4157 scripta
878 4087 969 4142 fuisse.
