2782 4554
57 103 249 186 Lycomedis
269 104 339 186 Syri
361 105 443 185 regis
465 105 557 183 filiae,
579 105 660 169 inter
679 122 760 187 quas
784 105 923 170 Achilles
944 105 1109 171 aThetide
1132 107 1233 167 matre

60 201 116 264 filii
140 202 225 265 vitae
246 203 456 284 prospiciente
477 201 681 265 absconditus
703 206 786 278 erat,
809 208 843 267 at
864 206 906 268 ab
931 205 1017 269 Ulixe
1038 222 1095 284 per
1102 204 1235 281 motum

61 299 140 361 illud
172 297 344 363 artificium
381 299 677 379 recognoscebatur.
726 298 895 377 Quaenam
929 301 1013 365 enim
1041 299 1122 363 ratio
1153 297 1235 360 inter
1303 310 1304 313 ’

61 396 199 457 chorum
215 399 247 457 et
257 394 414 460 Achillem
430 396 549 472 luisset,
566 397 695 475 quando
706 397 833 475 quidem
850 398 945 460 etiam
958 395 1152 478 singularem
1169 395 1237 457 eius

62 510 236 574 personam
245 492 445 574 aliquantum
458 495 488 556 in
498 492 609 556 fabula
617 493 715 573 egisse
727 514 783 574 per
796 514 829 558 se
841 497 952 576 patet?
971 494 1095 558 Scilicet
1105 492 1236 557 deberet

62 589 203 652 Achilles
224 593 292 653 tum
315 591 347 653 in
370 592 486 669 choro,
510 594 577 652 tum
601 591 683 664 inter
704 591 882 672 singulares
906 610 1057 673 personas
1083 589 1233 672 prodisse.

148 706 234 769 Duos
257 706 567 785 adhucAeschyleos
586 707 694 770 titulos
716 707 912 785 retinuimus,
934 708 989 790 qui
1012 707 1094 770 mira
1115 705 1237 768 ratione

61 805 95 867 in
119 805 265 884 catalogo
290 803 385 884 ’Λργώ
405 801 427 886 ἢ
447 802 623 888 κωποστής
632 805 658 886 ¹)
690 808 722 868 et
743 804 868 888 Σεμέλη
888 803 911 888 ἦ
931 801 1109 888 ὑδροφόρος
1130 802 1236 883 scripti

61 909 148 966 sunt.
211 901 326 966 Mirum
367 906 452 967 enim
490 907 576 988 quod
615 905 790 986 singulares
829 906 950 969 tormae
987 902 1165 985 κωπαστής
1204 908 1235 965 et

62 1000 248 1084 ὑδροφόρος
267 1007 442 1084 usurpatae
465 1007 555 1085 sunl,
587 1007 639 1069 ubi
662 1003 845 1086 ceteroquin
866 1005 988 1087 plurale
1010 1005 1096 1068 chori
1119 1021 1235 1066 nomen

62 1103 190 1182 legitur.
236 1100 327 1176 Quod
359 1102 492 1166 tortasse
523 1103 676 1166 dubitarit
707 1104 778 1185 quis
807 1123 885 1167 num
914 1104 1000 1168 casui
1030 1102 1235 1166 tribuendum

61 1203 113 1266 sit.
144 1200 248 1265 Possit
263 1203 346 1264 enim
365 1220 447 1265 unus
467 1207 641 1285 κορυφαῖος
661 1223 718 1285 pro
732 1204 831 1267 choro
842 1203 945 1266 dictus
963 1223 1040 1280 esse,
1060 1203 1116 1264 nisi
1130 1202 1236 1284 polius

62 1303 96 1366 in
120 1301 226 1384 priore
249 1300 340 1363 litulo
361 1300 539 1384 κωπασοής
553 1303 659 1384 Argus
678 1301 799 1365 nomini
812 1303 959 1366 additum
976 1308 1023 1366 est
1043 1322 1081 1365 eo
1097 1300 1238 1374 consilio,

61 1407 100 1466 ut
123 1401 356 1482 significantius
388 1401 580 1465 indicaretur
613 1402 777 1466 fabulosae
805 1403 886 1465 illius
913 1421 951 1465 ac
978 1401 1128 1465 mirabilis
1148 1401 1237 1464 navis

62 1501 255 1584 proprietas,
278 1504 389 1582 utpote
404 1520 487 1582 quae
503 1500 648 1564 animalis
662 1501 728 1564 fere
749 1505 845 1581 atque
867 1520 1023 1582 personae
1037 1501 1142 1563 locum
1155 1499 1237 1562 obti-

61 1605 153 1664 neat.
176 1599 298 1663 Tamen
309 1601 461 1681 quoniam
475 1602 569 1663 ceteri
582 1600 723 1682 duplices
737 1600 819 1663 tituli
835 1600 922 1663 chori
934 1619 1052 1663 nomen
1070 1600 1235 1681 praebent,

61 1704 152 1764 recte
168 1700 293 1762 videtur
308 1697 400 1780 ’Λργώ
414 1693 436 1781 ’i
448 1704 624 1763 κωπασταί
637 1703 668 1764 et
682 1699 807 1781 Σεμέλη
819 1696 841 1785 ἢ
852 1697 1028 1781 ὖδροφόροι
1041 1699 1144 1774 scribi,
1166 1719 1237 1762 cum

60 1801 251 1884 praesertim
276 1817 358 1861 unus
382 1799 544 1878 catalogus
567 1799 653 1863 illam
675 1802 864 1883 scripturam
887 1800 1035 1863 exhibeat
1047 1802 1082 1878 9).

146 1915 215 1979 Iam
234 1933 310 1977 vero
341 1934 381 1978 ne
412 1915 442 1977 in
472 1915 639 1978 levioribus
670 1917 718 1979 lris
740 1921 867 1997 tempus
896 1921 1031 1989 teratur,
1063 1914 1095 1977 id
1129 1915 1233 1994 polius

60 2015 250 2090 videamus,
285 2015 448 2095 quomodo
484 2018 587 2077 totum
612 2015 774 2079 titulorum
804 2016 948 2079 habitum
980 2015 1071 2078 nobis
1092 2017 1234 2077 velerum

58 2113 222 2179 memoria
241 2115 383 2177 servarit.

622 2348 676 2409 II.

144 2490 254 2572 Atque
277 2490 446 2573 ampliores
468 2491 556 2556 haud
578 2491 623 2554 ita
642 2491 736 2572 pauci
759 2494 895 2567 exstant,
917 2491 971 2572 qui
993 2509 1065 2554 cum
1091 2489 1232 2571 plerum·

10 2592 19 2615 ¹
61 2609 128 2673 que
152 2589 248 2672 plena
279 2590 381 2654 torma
410 2591 568 2669 terantur,
598 2590 788 2672 aliquotiens
810 2590 958 2654 videntur
981 2608 1000 2652 a
1022 2591 1237 2669 grammaticis

10 2686 20 2765 t
63 2690 223 2754 decurtati
246 2709 322 2753 esse.
367 2688 505 2754 Causam
523 2691 674 2753 nimirum
698 2708 769 2753 eam
790 2690 889 2768 dices,
913 2689 945 2752 in
969 2688 1102 2752 citandis
1124 2688 1237 2753 tabulis

65 2839 266 2848 .--—-—--

137 2920 163 2986 1)
182 2917 285 2972 Dubito
303 2917 376 2971 enim
395 2935 462 2971 num
481 2920 555 2971 recte
574 2916 681 2970 Wolclr.
701 2916 790 2969 Prom.
809 2934 836 2986 p.
857 2917 908 2971 312
926 2919 1068 2986 κωπαστής,
1087 2917 1160 2984 quod
1179 2918 1237 2970 tra·

10 3048 12 3053 .
65 3005 158 3068 ditur,
183 3004 211 3057 in
238 3006 383 3071 κωπηιοτής
409 3003 459 3071 (vel
486 3002 577 3071 potius
605 3009 762 3064 xanrroratt
789 3002 911 3056 mutarit.
958 3002 1059 3056 Neutri
1084 3002 1239 3072 scripturae

10 3072 13 3095 '
65 3091 181 3145 aliunde
205 3092 371 3160 argumenta
390 3089 573 3152 subveniunt,
602 3087 669 3156 quia
686 3089 764 3142 nullo
783 3088 839 3142 alio
855 3089 914 3142 loco
934 3089 1003 3144 hacc
1024 3106 1076 3144 vox
1094 3089 1239 3157 reperitur.

66 3177 174 3232 Tamen
193 3194 242 3230 cur
261 3193 314 3229 non
334 3175 418 3230 etiam
436 3172 560 3233 κωποὲζειν
579 3173 719 3228 exstitisse
742 3174 831 3244 possit
855 3190 906 3243 ego
931 3191 987 3231 non
1005 3174 1097 3240 video,
1124 3192 1156 3230 ex
1177 3177 1239 3229 sub·

66 3264 189 3319 stantiva
197 3263 290 3317 radico
303 3263 398 3330 (κώπη)
409 3277 497 3330 aeque
506 3260 535 3314 in
544 3258 594 3318 atu
603 3260 760 3314 derivatum
772 3264 857 3330 atque
868 3262 923 3316 alia
933 3262 1023 3316 multa
1032 3261 1239 3317 denominativa

67 3350 159 3413 verba,
180 3347 257 3402 velut
276 3346 419 3412 κομπάζειν,
436 3346 564 3410 κωμάζειν.
600 3348 674 3401 Num
694 3365 757 3402 vere
778 3349 929 3403 correxerit
947 3349 1109 3403 Welckerus
1130 3349 1240 3402 dubitat

67 3435 156 3489 etiam
174 3434 293 3489 Nitzsch.
314 3434 332 3488 l.
352 3435 370 3489 1.
390 3453 417 3505 p.
438 3435 488 3488 659
510 3452 549 3503 sq.
586 3434 699 3488 Prorsus
727 3437 821 3489 autem
849 3424 933 3488 aliter
948 3433 993 3487 hic
1012 3433 1112 3488 titulus
1130 3435 1242 3490 intolle-

67 3522 176 3592 gendus
195 3520 260 3585 erit,
285 3521 307 3574 si
333 3537 389 3574 non
407 3537 498 3575 merus
518 3519 687 3590 typographi
707 3536 782 3574 error
801 3521 858 3584 est,
886 3520 960 3588 quod
978 3519 1086 3574 Nauck.
1106 3521 1123 3574 l.
1143 3521 1160 3576 l.
1180 3540 1204 3590 p.
1226 3526 1240 3574 7

65 3611 96 3662 et
115 3626 141 3676 p.
161 3606 211 3662 736
230 3623 280 3676 pro
297 3607 315 3676 ἢ
330 3609 466 3676 annonaria
481 3607 578 3662 scribit
597 3606 745 3661 articulum
765 3606 781 3675 ἦ
798 3624 861 3659 uon.

136 3711 165 3780 2)
182 3711 253 3764 Item
283 3710 435 3780 Sophoclea
461 3726 533 3778 quae
563 3717 715 3776 ψυχαγωγοί
737 3708 870 3777 inscripta
901 3709 956 3762 fuit
981 3702 1116 3778 singulari
1149 3711 1239 3765 forma

66 3802 223 3864 ψυχαγογός
249 3798 363 3852 vocatur
383 3794 529 3867 Phrynich.
548 3795 661 3865 (Bekk.)
679 3814 706 3868 p.
727 3794 768 3860 73,
789 3796 820 3852 13
839 3797 874 3863 (v.
892 3794 998 3849 Nauck.
1018 3814 1045 3866 p.
1066 3797 1119 3862 68).
