2782 4554
678 218 720 282 m

125 421 223 483 quam
248 421 321 466 cum
341 406 463 466 veteres
482 400 692 482 grammatici,
715 401 744 463 id
758 400 844 482 quod
856 401 888 463 in
903 400 1092 464 editionibus
1108 400 1295 463 innumera·

114 502 189 566 bilia
226 502 380 583 adespota
415 500 596 580 fragmenta
631 500 808 564 luculenter
841 500 1022 576 declarant,
1059 518 1125 562 non
1160 502 1288 563 certum

114 604 244 682 poetam
282 599 517 677 nominassent,
556 602 667 680 postea
702 599 786 662 mala
824 599 992 662 sedulitate
1014 597 1136 662 falsum
1164 616 1288 661 nomen

114 700 309 780 adscriptum
319 701 375 761 est.
400 696 543 785 Quocum
552 697 806 778 comparandum
815 701 869 776 est,
880 697 966 779 quod
976 696 1290 779 Sophoclea‘Etdaqc

114 797 291 880 ἀπαίτησις
319 796 461 878 Euripidi
488 797 636 860 tribuitur
664 796 778 876 (Etym.
806 796 847 860 M.
879 816 911 878 p.
937 796 1068 873 430‚15;
1102 796 1141 860 cf.
1162 795 1287 860 Welok.

112 898 206 977 Trag.
231 918 260 976 p.
279 896 375 974 456),
404 895 553 976 Sophocli
575 895 710 973 dantur,
742 915 825 978 quae
848 896 922 959 liur.
945 894 1044 978 lphig.
1069 895 1143 960 Aul.
1168 914 1199 958 v.
1223 895 1287 958 993

113 997 261 1076 leguntur
284 995 370 1074 (Hes.
396 996 411 1058 1
433 1015 464 1076 p.
487 995 577 1072 997),
609 995 787 1078 Aeschyleo
810 993 959 1074 ξοίπριαι
985 996 1017 1058 iu
1041 995 1205 1059 codicibus
1228 994 1285 1056 de·

113 1094 295 1159 tertoribus·
314 1094 443 1174 (Aesch.
474 1094 510 1159 ir.
542 1095 600 1157 162
629 1093 726 1158 schol.
754 1095 809 1158 Ar.
839 1095 923 1158 Ran.
952 1115 981 1158 v.
1013 1095 1105 1174 1344)
1142 1093 1285 1175 Euripidi

42 1256 45 1261 .
114 1195 308 1274 assignatum
345 1211 383 1257 ac
416 1193 600 1257 referendae
629 1193 692 1258 lruc
720 1195 817 1257 etiam
846 1213 902 1258 eae
931 1194 1059 1258 fabulae
1091 1195 1205 1270 erunt,
1243 1192 1286 1254 de

115 1294 230 1376 quibus
259 1311 357 1374 supra
383 1311 450 1373 par.
477 1293 496 1354 9
527 1292 664 1357 breviter
691 1292 843 1370 vidimus,
878 1292 904 1356 si
934 1293 1003 1357 falsi
1032 1311 1159 1383 simius,
1195 1291 1285 1373 quod

17 1398 19 1403 '
113 1397 244 1476 propter
265 1392 518 1457 testimoniorum
541 1392 710 1473 penuriam
734 1392 908 1458 reiciendas
931 1411 984 1456 eas
1000 1410 1068 1456 esse
1084 1392 1285 1473 negavimus.

114 1494 208 1572 Quod
231 1493 380 1574 Sophocli
401 1493 610 1574 Μελανίππη
636 1493 824 1557 adscribitur
853 1493 940 1573 (Eur.
964 1494 999 1556 ir.
1022 1493 1082 1556 491
1106 1493 1205 1557 schol.
1228 1492 1285 1555 Ar.

113 1595 239 1663 Rana.
259 1595 338 1672 110),
360 1593 404 1657 ita
426 1580 648 1672 explicandum
666 1591 801 1669 videtur,
823 1596 868 1669 ut,
890 1593 979 1674 quod
998 1595 1152 1674 scriptum
1174 1591 1286 1655 luisset

115 1693 325 1773 Μελανίππη
343 1708 432 1772 coqu,
453 1692 538 1755 male
558 1692 712 1772 posterior
730 1692 837 1772 legerit
849 1692 1058 1774 Μελανίππη
1069 1691 1285 1773 Σοφοκλέους.

114 1792 303 1855 Dubitanles
332 1793 388 1872 ipsi
420 1796 543 1855 veteres
570 1795 794 1871 agnoscuntur,
825 1793 877 1855 uhi
907 1794 1125 1857 dissentientes
1148 1793 1284 1874 legimus

116 1895 223 1955 utrum
231 1891 395 2053 fEuripidis
416 1911 457 1954 an
480 1890 621 1954 Philistio
642 1910 802 1969 versuum,
825 1893 879 1972 qui
900 1893 1087 1970 afferuntur,
1109 1896 1223 1956 auctor
1244 1893 1285 1954 sit
1316 1958 1319 1963 ,

116 1990 258 2068 (Euris
261 1990 426 2054 .1ou7s
404 1989 493 2053 St.ob
516 1989 582 2052 ilor.
603 1991 690 2069 995
725 1991 852 2054 Maxim.
879 1991 969 2056 Conf.
998 1992 1059 2055 vol.
1086 1993 1106 2054 9
1135 2013 1167 2072 p.
1196 1990 1283 2070 695),

116 2094 147 2154 et
169 2089 311 2152 similiter
333 2107 578 2170 nonnumquam
600 2090 725 2152 codices
747 2089 786 2153 de
809 2094 976 2170 poetarum
995 2091 1178 2155 nominihus
1201 2092 1284 2154 inter

114 2209 148 2252 se
169 2189 303 2252 variant.

197 2286 302 2349 Etiam
339 2287 480 2351 eiusdem
518 2290 633 2367 poetae
668 2288 793 2352 fabulas
827 2289 1026 2369 grammatici
1058 2288 1284 2364 contuderunt,

113 2386 201 2450 velut
226 2386 287 2449 suh
313 2385 510 2466 Sophocleae
537 2385 648 2467 Oedipi
671 2388 791 2468 (Regis)
825 2389 955 2452 nomine
983 2389 1122 2452 citantur
1151 2387 1240 2467 (Hes.
1267 2388 1282 2450 1

112 2485 247 2568 pltll),
270 2504 353 2566 quae
375 2485 524 2564 leguntur
540 2484 618 2549 Oed.
638 2484 706 2549 Col.
724 2506 755 2549 v.
772 2488 843 2551 977.
886 2487 1071 2552 Cuiusmodi
1092 2487 1169 2550 vitia
1190 2487 1283 2551 facile

112 2583 261 2647 exsistere
283 2587 447 2664 poterant,
474 2585 628 2664 siquidem
652 2587 763 2649 eadem
788 2606 925 2667 persona
947 2587 978 2649 in
1000 2586 1144 2668 pluribus
1166 2585 1282 2649 fabulis

110 2683 215 2762 prodit
236 2682 347 2747 iisdem
371 2684 513 2747 moribus
535 2684 681 2766 praedita
703 2685 880 2766 similiaque
901 2705 940 2748 ex
962 2685 1052 2747 simili
1070 2685 1169 2748 animi
1188 2687 1278 2748 motu

112 2781 226 2845 locuta.
270 2782 317 2845 Ac
341 2802 381 2846 ne
403 2782 453 2845 bic
476 2783 604 2864 quidem
627 2782 703 2845 nihil
727 2786 956 2848 sententiarum
980 2783 1086 2864 aliqua
1106 2782 1278 2846 similitudo

111 2879 253 2943 valuerit.
297 2880 363 2944 Nec
385 2881 614 2962 neglegendum
633 2885 688 2958 est,
711 2884 835 2964 saepius
853 2886 968 2963 poetae
991 2901 1118 2958 nomen,
1141 2900 1214 2944 cum
1236 2880 1278 2943 ab

71 2998 73 3003 ·
108 2977 197 3042 initio
219 2978 321 3042 solum
344 2980 496 3061 scriptum
518 2985 614 3059 esset,
642 2985 754 3064 postea
776 2982 855 3046 falso
878 2981 1004 3045 fabulae
1027 2980 1156 3043 nomine
1177 2977 1278 3041 videri

109 3077 296 3158 ampliatum
316 3074 427 3156 esse¹).
469 3078 680 3147 Dubitationis
701 3084 809 3144 autern
833 3081 909 3157 eius,
931 3099 968 3143 ex
991 3099 1057 3160 qua
1075 3078 1152 3142 talia
1167 3095 1277 3141 nasce-

108 3265 200 3331 (καλεῖ)
225 3263 359 3316 Homerus
385 3263 440 3316 dici
467 3264 590 3332 videtur,
615 3266 662 3334 qui
684 3266 716 3320 il.
736 3266 835 3320 XXIV.
861 3284 884 3319 v.
905 3267 954 3319 544
980 3264 1056 3319 canit
1082 3263 1156 3318 dacor
1179 3265 1277 3325 Alesiae

108 3350 176 3414 ἄνω,
202 3349 325 3422 Μάκαρος
349 3349 415 3413 ἕδος,
443 3353 513 3410 ἐντὸς
526 3355 629 3424 lr's'prsq
658 3343 742 3406 schol.
767 3351 865 3407 Aesch.
890 3351 979 3405 Prom.
1003 3367 1028 3403 v.
1054 3351 1106 3404 436
1135 3349 1180 3401 diri
1204 3353 1277 3420 περί-

108 3451 196 3496 oneum
220 3433 305 3502 σιωπᾷ
328 3441 341 3485 ὸ
360 3435 422 3496 Ζειῖς
440 3439 511 3507 παρά
532 3437 568 3507 τῷ
591 3438 686 3509 ποιητῇ
705 3440 768 3507 πρὸς
784 3440 832 3506 τήν
852 3437 899 3504 τῆς
918 3435 1022 3496 &tardor
1040 3437 1183 3503 ἀπαίτησιν
1206 3433 1276 3488 item

109 3519 259 3584 Homerum
276 3519 319 3574 ita
337 3523 432 3574 tamen
450 3521 546 3577 Aesch.
558 3523 589 3577 fr.
601 3524 648 3576 157
662 3522 774 3579 Lucian.
783 3525 897 3578 Encom.
907 3520 1048 3575 Demosth.
1060 3521 1093 3574 13
1101 3519 1178 3573 vol.3
1188 3535 1214 3587 p.
1225 3517 1275 3571 501

108 3607 184 3673 φησὶν
201 3605 214 3657 ὁ
233 3612 347 3677 τραγικός
376 3606 542 3677 Aeschylum
562 3608 616 3662 dici
635 3609 692 3663 alia
710 3608 867 3664 testimonia
885 3607 1057 3677 (1551518513,
1071 3604 1153 3672 Soph.
1172 3604 1206 3657 fr.
1225 3605 1293 3657 210-

108 3691 191 3745 schol.
211 3690 289 3746 Pind.
307 3692 387 3746 Nem.
406 3693 424 3745 4
446 3710 469 3746 v.
481 3694 512 3747 51
533 3696 604 3765 παρὰ
623 3695 698 3747 τοῦτο
718 3695 730 3745 t
749 3699 873 3766 τραγικός,
892 3691 1040 3760 Sophocles
1058 3690 1171 3759 propter
1190 3687 1277 3741 alium

106 3775 213 3842 locum;
238 3777 302 3831 Eur.
320 3777 353 3831 fr.
372 3777 423 3831 483
443 3777 541 3832 lustin.
561 3779 644 3834 Mart.
664 3780 716 3834 vol.
737 3781 749 3832 1
769 3798 795 3848 p.
817 3780 867 3833 134
884 3782 911 3831 ἐν
930 3779 1014 3848 Φρίξῳ
1032 3776 1044 3826 ὁ
1064 3780 1179 3846 τραγικός
1202 3773 1280 3826 Euri·

109 3861 188 3930 pides
213 3863 248 3915 ob
271 3863 387 3917 eandem
411 3880 537 3929 cansam,
561 3865 684 3933 itemque
703 3866 767 3919 Eur.
787 3865 819 3918 ir.
838 3865 890 3917 inc.
909 3859 1145 3916 colummerios
1163 3877 1189 3927 p.
1209 3858 1280 3912 2751>

107 3947 183 4008 ὅμεν
200 3938 245 4000 mir
264 3950 382 4020 τραγικὸς
399 3950 513 4017 ποιητής.

178 4034 204 4102 1)
222 4032 303 4098 Quod·
319 4035 412 4089 monet
430 4031 592 4090 Welckerus
611 4032 725 4091 Nachtr.
744 4053 769 4104 p.
788 4034 830 4088 64.
