2782 4554
679 143 717 209 lt

112 323 337 401 grammaticos
367 322 629 386 commoditatem
653 322 819 403 quandam
842 321 1090 404 facilitatemque
1113 321 1278 413 appetisse.⁴

114 421 207 486 Varia
227 425 336 486 autem
358 422 482 485 ratione
505 427 649 504 egerunt.

631 603 701 669 par.
726 584 762 650 4.

195 707 329 789 Saepius
351 710 435 772 eninr
460 729 570 773 eorum
596 711 776 785 titulorum,
797 708 851 790 qui
874 727 912 771 ex
935 706 1133 788 appellativo
1158 705 1282 769 nomine'.

113 811 211 871 etex
241 808 378 888 genitivo
411 810 529 891 proprii
560 812 698 873 nominis
726 810 800 873 inde
828 808 905 871 recti
930 810 1096 881 constant,
1130 806 1148 867 i.
1178 825 1202 867 e.
1224 802 1263 885 qui

113 908 214 988 ipsam
237 926 304 970 rem
323 905 478 984 indicant,
500 929 584 990 quae
607 910 638 973 in
664 909 771 972 fabula
794 908 900 988 agitur
914 907 957 986 ¹),
979 905 1135 968 alterutra
1158 907 1261 967 tantun

114 1024 188 1086 pars
212 1010 389 1070 memorata
412 1011 468 1069 est.
504 1009 551 1071 Ac
574 1009 721 1090 propium
746 1006 877 1090 quidem
901 1024 1019 1069 nomen
1042 1003 1186 1067 attulisse
1204 1001 1260 1064 satis

114 1103 315 1182 habueram,
356 1106 409 1186 qui
440 1107 651 1189 Aeschyleam
687 1105 816 1187 Φρύγας
843 1100 865 1188 ἢ
892 1101 1041 1184 Ἕκτορος
1078 1101 1183 1181 λύτρα
1214 1118 1260 1163 unc

104 1197 254 1282 Ἕκτορος
278 1203 407 1266 nomine
428 1203 560 1284 (Aesch.
581 1206 616 1268 fr.
629 1207 688 1269 259
710 1206 799 1269 Stoh.
815 1205 884 1267 tior.
900 1201 1002 1282 mat)
1025 1206 1057 1266 et
1072 1199 1259 1283 Sophocleum

112 1299 235 1383 Ὲλέννχς
256 1299 438 1383 ἀπαίτησιν
465 1304 646 1387 simpliciter
670 1304 795 1386 Ἑλένην
819 1303 934 1384 (Soph.
958 1301 993 1363 tr.
1017 1300 1078 1364 inc.
1104 1301 1168 1362 660
1186 1296 1259 1363 schol.

114 1401 168 1462 Ar.
190 1400 246 1482 Eq.
260 1420 289 1463 v.
306 1402 357 1480 83)
379 1409 542 1466 vocarunt.
580 1405 614 1468 ln
635 1404 704 1468 aliis
722 1403 951 1486 appellativum
976 1419 1093 1463 nomen
1106 1400 1165 1463 toti
1188 1395 1258 1462 indici

114 1499 320 1562 substitutum
343 1504 398 1564 est.
434 1502 485 1565 Sic
503 1504 676 1585 Aeschylea
694 1504 746 1566 illa
769 1503 864 1566 etiam
890 1499 1012 1581 Φρύγες
1032 1495 1056 1582 ι)
1076 1497 1179 1579 λύτρα
1199 1515 1260 1561 nun·

114 1602 249 1679 cupatur
276 1599 405 1679 (Aesclr.
423 1600 459 1664 tr.
483 1603 543 1665 aaa
566 1603 644 1666 Poll.
668 1604 696 1679 7,
722 1603 803 1673 131).
850 1601 926 1666 Item
957 1599 1138 1681 Sophoclea
1155 1595 1260 1677 Ἀχαιιῑν

115 1695 266 1778 σύλλογος
301 1698 450 1778 laudatur
488 1701 640 1781 σύλλογος
673 1701 787 1782 [δορὴ.
818 1700 853 1762 fr.
886 1700 942 1762 149
976 1699 1050 1762 Hes
1081 1700 1094 1763 1
1128 1719 1160 1780 p.
1187 1696 1262 1770 1155),

115 1795 312 1889 σύνδειπνον
329 1819 388 1880 pro
408 1800 539 1879 Ἀχαιῶν
562 1801 761 1865 σύνδειπνον
780 1800 832 1880 (tr.
859 1799 918 1863 143
939 1799 1036 1862 schol.
1060 1798 1159 1879 Soph.
1183 1797 1227 1860 Al.
1241 1810 1260 1854 t·

118 1897 188 1972 190;
211 1896 248 1959 tr.
265 1898 321 1960 117
341 1899 414 1962 Hes.
442 1903 454 1963 1
479 1922 508 1982 p.
528 1902 603 1976 117;
628 1902 664 1964 tr.
683 1901 742 1964 148
763 1898 859 1963 schol.
882 1897 980 1978 Soph.
1002 1895 1082 1961 Oed.
1098 1896 1165 1961 Col.
1180 1917 1209 1959 v.
1221 1893 1263 1969 10).

113 1995 178 2060 Sed
209 1997 248 2060 de
276 1997 323 2060 his
361 1999 542 2063 nominibus
577 2001 729 2081 quoniam
769 1998 987 2062 dubitationes
1017 1996 1125 2061 adhuc
1155 1993 1264 2064 restant.

114 2094 242 2158 uberius
260 2097 367 2178 paullo
390 2099 552 2178 agendum
571 2099 707 2162 videtur.
746 2099 897 2162 Prostant
918 2101 1025 2160 autem
1048 2095 1131 2160 tituli
1155 2093 1265 2175 Ἀχαιῶν

114 2191 274 2273 σύλλογος,
293 2193 453 2276 σύλλογος,
476 2195 677 2276 σύνδειπνοι,
700 2199 830 2277 Ἀχαιῶν
844 2195 1052 2273 σύνδειπνον,
1074 2193 1265 2258 σύνδειπνον.

113 2293 221 2374 Atque
239 2293 370 2372 Ἀχαιῶν
393 2296 534 2377 συλλόγῳ
556 2299 621 2361 sive
645 2296 788 2377 συλλόγῳ
804 2297 859 2360 viri
883 2295 966 2359 docti
989 2295 1073 2358 inter
1091 2316 1125 2358 se
1149 2311 1267 2360 consen·

113 2392 233 2470 tiunt2)
259 2400 485 2481 argumentum
508 2397 678 2460 tribuenda
705 2418 772 2460 esse
799 2416 853 2472 ea,
883 2414 966 2477 quae
994 2394 1033 2457 de
1059 2395 1190 2458 Achivis
1213 2411 1269 2459 nar·

113 2497 227 2556 rantur
254 2499 330 2558 ante
352 2495 423 2558 belli
448 2496 578 2561 Troiani
603 2498 706 2578 ipsum
734 2495 856 2559 initium
880 2495 999 2557 Tenedi
1026 2492 1188 2576 paulisper
1210 2512 1271 2558 con·

114 2591 295 2656 sistentibus
305 2593 339 2671 Β).
389 2594 487 2677 Atqui
519 2598 615 2660 etiam
644 2597 822 2659 comissatio
846 2595 944 2657 fertur
969 2594 1010 2655 ibi
1039 2593 1184 2657 instituta
1207 2612 1273 2665 esse,

114 2711 138 2755 a¹
156 2711 220 2774 qua
242 2696 274 2755 et
290 2693 485 2758 Philoctetae
504 2696 647 2759 miseriae
669 2700 701 2758 et
723 2694 826 2759 fatalis
845 2693 896 2757 illa
912 2693 995 2755 inter
1006 2695 1273 2772 Agamemnonem
1304 2700 1306 2705 ’

114 2790 335 2873 Achillemque
366 2793 523 2858 discordia
555 2796 695 2877 primam
727 2795 879 2874 originem
917 2796 1090 2856 traxerunt.
1141 2791 1214 2870 Qua
1243 2793 1276 2856 de

114 2909 213 2955 causa
234 2910 299 2954 non
322 2892 497 2970 miraberis,
520 2896 605 2976 quod
629 2895 723 2958 etiam
748 2898 851 2958 cetera
874 2893 1004 2955 nomina
1027 2891 1068 2953 ad
1088 2891 1277 2955 Achivorum

113 2990 200 3053 illum
223 2995 418 3054 conventum
445 2993 626 3058 referuntur
646 2998 742 3076 atque
765 2992 901 3074 satyrica
923 3010 989 3054 una
1012 2991 1119 3053 tabula
1135 2992 1279 3054 statuitur

115 3089 230 3172 duplici
255 3089 304 3152 vel
334 3090 445 3171 triplici
473 3093 565 3156 titulo
593 3093 752 3175 inscripta.
811 3091 855 3156 At
881 3109 1009 3166 caveaS,
1039 3108 1095 3166 ne,
1131 3109 1204 3152 cunr
1241 3093 1279 3153 ita

115 3207 263 3266 censeas,
292 3189 431 3254 veritatis
454 3191 559 3254 minus
580 3211 679 3273 quam
703 3189 950 3274 opportunitatis
973 3189 1105 3252 videaris
1126 3191 1279 3253 rationem

116 3289 242 3353 habere.
283 3289 431 3371 Namque
453 3291 483 3353 in
508 3291 650 3355 diversas
673 3291 800 3355 fabulas
822 3290 870 3354 vel
892 3290 979 3371 ipsae
1001 3278 1168 3352 nominum
1191 3290 1281 3372 signi·

115 3389 280 3454 ficationes
308 3390 453 3454 tendunt.
496 3391 610 3456 Nonne
639 3392 725 3455 enirn
758 3395 825 3454 toto
857 3389 946 3452 caelo
969 3388 1114 3452 notiones
1137 3385 1283 3470 σύλλογος

115 3493 146 3553 et
169 3485 369 3552 σύνδειπνον
391 3491 472 3553 inter
501 3511 535 3554 se
567 3492 708 3555 distant?
750 3490 834 3566 Hoc,
869 3489 954 3572 quod
985 3488 1095 3550 Latine
1123 3493 1170 3550 est
1202 3511 1283 3564 ‚eon-

117 3589 256 3669 vivium‘,
278 3608 329 3651 res
344 3589 450 3652 hilaris
464 3593 511 3653 est
533 3595 562 3654 et
580 3591 663 3654 vitae
674 3591 819 3672 privatae
836 3590 969 3668 ideoque
983 3589 1140 3668 satyricae
1160 3590 1284 3655 tabulae

118 3688 280 3763 convenit,
304 3688 379 3772 illud
409 3690 596 3767 ‚concilium‘
626 3710 676 3753 res
704 3691 809 3770 gravis
838 3693 869 3753 et
899 3688 1028 3770 publica
1057 3706 1191 3768 eamque
1223 3711 1285 3754 non

117 3789 291 3871 poterimus
322 3788 377 3851 nisi
407 3789 446 3851 de
474 3790 632 3854 severiore
661 3789 842 3870 tragoediae
877 3792 1068 3868 argumento
1098 3788 1287 3870 intellegere.

192 3934 216 4003 1)
235 3934 362 3987 Ceterum
382 3935 415 3989 ct.
434 3935 468 3989 de
486 3933 620 3990 eiusmodi
639 3935 777 3989 indicibus
795 3953 865 4004 quae
885 3936 959 3989 intra
969 3938 1036 4003 (par.
1046 3935 1090 3998 10)
1105 3935 1291 4001 proferentur.

131 4055 135 4068 .
187 4021 214 4088 2)
233 4018 353 4088 Excepto
371 4037 426 4074 uno
446 4019 562 4074 Schoell.
581 4021 599 4075 l.
618 4021 636 4076 l.
657 4040 683 4091 p.
701 4024 751 4076 255
772 4039 831 4090 sqq.

187 4106 215 4175 3)
237 4105 268 4161 V.
285 4103 393 4192 Nauck
411 4104 429 4160 l.
448 4105 466 4162 l.
485 4123 513 4176 p.
535 4105 584 4162 127
603 4123 644 4176 sq.
