2782 4554
666 115 704 180 16

101 309 151 387 aa
165 329 196 391 p.
213 302 322 384 didm
340 301 377 366 tr.
393 300 454 365 210
466 296 608 377 id.6,6p.
619 292 725 373 49,13)
744 289 973 356 deminutivam
987 287 1138 368 formam,
1153 281 1192 349 fic

98 412 134 473 ut
173 405 250 470 mihi
292 403 432 479 videtur,
482 418 521 462 eo
561 394 707 472 consilio,
749 395 786 456 ut
830 390 930 455 levior
976 387 1135 470 satyricae
1175 383 1223 450 hui

99 509 225 574 fabulae
248 507 363 569 natura
385 499 577 564 indicaretur
607 499 638 559 et
660 495 702 558 ab
723 493 786 558 alia
807 492 1075 571 distingueretur,
1106 484 1193 552 cuius

100 608 299 690 gumentum,
321 602 407 666 velut
429 598 604 682 superstitis
625 594 882 670 Trachiniarum,
904 593 936 656 in
958 591 1103 656 eiusdem
1125 586 1234 652 Hercu'

100 706 298 791 gravioribus
317 703 413 766 rebus
436 700 624 764 versabatur
636 698 667 777 ¹).
703 696 765 761 Sed
788 695 827 759 de
849 693 950 758 altera
973 692 1056 757 tituli
1078 692 1170 772 parte
1188 688 1227 772 qu'

99 806 280 873 videbitur?
309 802 413 866 Semel
438 800 494 863 ἐπὶ
516 796 667 879 Ταινάρῳ
686 798 848 878 σατυρικῷ
865 796 1016 861 laudatur
1032 795 1081 875 (fr.
1092 794 1152 859 213
1165 792 1224 858 Hes.

100 927 131 988 p.
155 905 246 983 515),
277 902 332 966 ubi
365 900 422 964 ἐπὶ
451 903 483 963 et
507 897 658 978 Ταινάρῳ
689 897 911 978 coniungenda
950 896 1033 960 inter
1070 913 1105 958 se
1140 892 1220 958 titulu

100 1004 257 1078 efficiunt;
276 1001 385 1065 subest
401 999 484 1064 enim
504 998 718 1062 nominativus
734 1016 825 1061 casus
840 997 897 1058 ἐπὶ
917 992 1070 1074 Ταινάρῳ
1089 987 1238 1075 σατυρικόν

102 1105 193 1182 Quae
214 1101 294 1165 tituli
317 1101 419 1164 torma
440 1099 536 1162 etiam
561 1098 701 1179 apertius
723 1096 921 1177 agnoscitur,
944 1096 998 1160 ubi
1020 1096 1134 1160 dicitur
1155 1093 1233 1157 ἐνέν

105 1198 256 1281 Ταινάρῳ
279 1198 430 1279 σατύροις
453 1197 506 1279 (fr.
530 1198 592 1261 rit
613 1197 705 1262 Phot.
730 1196 788 1261 lex.
813 1217 843 1279 p.
868 1196 1043 1275 359‚25)2).
1084 1196 1138 1259 Bis
1157 1193 1218 1275 legit

105 1299 268 1383 Σοφοκλῆς
281 1299 337 1362 ἐπὶ
353 1301 535 1378 Ταινάριόις
556 1297 671 1375 (ΜΗ
693 1297 810 1360 Athen.
826 1297 888 1377 9p.
907 1296 1012 1371 375d;
1036 1297 1072 1360 fr.
1090 1296 1152 1359 212
1164 1293 1223 1359 Hes

101 1423 131 1482 p.
156 1399 244 1478 217),
265 1399 318 1462 ubi
339 1399 415 1462 item
437 1396 493 1458 ἐπὶ
515 1400 546 1460 et
569 1400 755 1475 Ταιναριόις
775 1396 856 1459 inter
878 1416 912 1459 se
936 1396 1099 1476 iungenda
1119 1394 1244 1469 sunt,ita

103 1505 137 1562 ut
166 1503 252 1561 recte
278 1498 425 1561 videatur
455 1494 535 1560 Guil.
558 1494 740 1558 Dindorfius
763 1495 818 1571 (ad
839 1495 936 1576 Soph.
961 1495 999 1558 fr.
1021 1494 1098 1566 220)
1119 1493 1214 1557 iudica

105 1596 347 1677 »grammaticos
363 1594 462 1658 videri
477 1594 560 1657 hanc
581 1591 722 1657 fabulam
738 1593 993 1673 Ἐπιταιναρίοις
1007 1594 1132 1670 dixisse,
1150 1596 1213 1672 saty

103 1697 348 1777 intellegentes«.
405 1694 448 1757 At
478 1693 540 1757 hoc
571 1692 627 1753 ἐπὶ
663 1697 847 1772 Ταιναριόις
884 1693 1019 1757 fortasse
1051 1693 1172 1774 putarit
1199 1687 1238 1773 qu'

104 1794 349 1876 intellegendum
380 1812 447 1856 esse
479 1791 548 1855 »bei
577 1791 639 1854 den
667 1791 865 1856 Bewohnem
897 1811 960 1856 von
980 1792 1187 1867 Taenaron«,

105 1897 208 1958 essent
231 1892 335 1970 inferi,
368 1892 408 1955 ad
436 1911 516 1973 quos
542 1889 694 1954 Hercules
716 1890 895 1968 descendit,
925 1894 1023 1973 atque
1053 1891 1174 1955 dictum

105 1993 218 2056 eadem
239 1991 374 2068 ratione,
398 2010 463 2072 qua
484 1988 561 2053 illud
579 1988 636 2051 ἐπὶ
650 1987 810 2069 Ταινάρῳ
828 1988 1037 2070 (σατυρικόν).
1070 1991 1115 2054 At
1135 1986 1256 2060 deberet,

104 2093 130 2155 si
151 2093 194 2154 ila
217 2092 307 2166 esset,
329 2109 394 2153 non
417 2088 583 2171 Σοφοκλῆς
606 2087 663 2149 ἐπὶ
684 2093 877 2169 Ταιναρίοις,
900 2089 955 2153 sed
976 2089 1179 2171 Σοφοκλέους
1193 2089 1216 2151 ἑ.
1230 2087 1258 2150 Τ.

105 2193 223 2255 dictum
255 2209 331 2253 esse.
379 2188 492 2270 Neque
520 2187 603 2250 enim
638 2206 697 2268 ego
723 2189 852 2270 quidem
883 2189 989 2253 adhuc
1016 2190 1124 2254 locum
1160 2186 1261 2260 inveni,

106 2291 136 2352 in
167 2308 231 2370 quo
257 2293 288 2350 et
319 2291 415 2368 poeta
439 2291 470 2350 et
497 2286 607 2349 fabula
636 2287 834 2352 nominativo
864 2308 940 2352 casu
969 2289 1138 2352 memorati
1160 2288 1265 2359 essent,

106 2389 161 2452 sed
207 2390 262 2450 aut
303 2386 431 2450 fabulae
475 2384 690 2448 nominativus
733 2390 796 2463 est,
841 2392 957 2469 poetae
999 2388 1173 2469 genitivuS,
1217 2387 1266 2449 aut

107 2490 233 2551 inversa
254 2485 344 2549 ratio.
388 2486 455 2550 lam
486 2484 579 2564 igitur
607 2484 721 2565 plenus
748 2485 843 2550 index
864 2484 1021 2570 Ἡρακλῆς
1041 2486 1099 2548 ἐπὶ
1126 2484 1269 2563 Ταινάρῳ

108 2585 161 2648 ubi
188 2585 318 2648 tandem
349 2585 526 2666 reperitur?
554 2581 616 2660 Qui
645 2583 670 2646 si
693 2603 847 2667 umquam
880 2586 1064 2661 exstitisset,
1093 2585 1207 2649 dubito
1233 2602 1270 2648 an

108 2684 275 2764 vestigium
300 2685 366 2747 eius
388 2682 503 2748 alicubi
524 2682 671 2764 quamvis
700 2685 797 2747 tenue
815 2702 986 2764 agnoscere
1009 2683 1127 2748 liceret.
1172 2684 1269 2763 Atque

108 2784 238 2846 omnino
255 2801 295 2845 ne
314 2781 345 2844 id
358 2781 485 2863 quidem
497 2781 573 2844 satis
584 2781 783 2862 exploratum
799 2787 856 2859 est,
872 2784 1003 2846 nomina
1021 2783 1074 2845 illa
1089 2783 1188 2846 unius
1198 2781 1266 2845 eius-

47 2934 49 2937 .
108 2878 1271 2964 deinquelabutaefuissetl.Utverofuerint-aepossuntcertefuisse-‚

32 4104 55 4231 l

109 3001 204 3044 nemo
227 2980 384 3061 duplicem
403 2979 529 3043 titulum
542 2977 699 3062 Ἡρακλῆς
721 2975 785 3062 dot
800 2981 856 3042 ἐπὶ
877 2978 1027 3076 Ταινάρῳ
1044 2981 1205 3061 cogitabit,
1225 2977 1273 3060 qui

109 3099 166 3161 per
187 3099 220 3142 se
234 3083 271 3142 ut
292 3079 407 3161 duplex
423 3079 532 3142 titulus
553 3085 584 3142 et
605 3080 703 3142 nimia
714 3079 909 3162 longitudine
931 3100 988 3144 sua
1008 3080 1178 3144 refutatur.
1216 3076 1275 3142 Sed

111 3178 250 3260 genuina
286 3179 448 3261 inscriptio
485 3178 552 3242 sine
589 3179 687 3243 dubio
715 3177 872 3261 Ἡρακλῆς
900 3179 975 3258 fuit,
1008 3198 1092 3261 quae
1123 3179 1276 3242 brevitate

180 3407 207 3475 1)
227 3406 318 3461 utitor
343 3406 491 3463 Wilamow
513 3410 532 3463 l.
550 3409 583 3476 l.,
616 3410 664 3478 qui
680 3412 860 3484 ’Ἡρακλέι-ινα
884 3411 1023 3481 propriam
1057 3409 1125 3463 dicii
1154 3409 1277 3464 fabulam

111 3492 196 3547 fuisse
215 3494 248 3546 de
267 3509 352 3562 puero
371 3493 488 3550 Hercule
506 3494 646 3565 scriptam,
666 3496 738 3552 siout
756 3496 897 3553 Theocriti
915 3514 997 3552 carm.
1016 3494 1108 3549 XXIV
1122 3495 1277 3566 Ἡράκλιιιως

110 3576 274 3647 inscriptum
294 3581 389 3633 lentur.

181 3681 208 3748 2)
228 3680 375 3751 Gomparat
393 3697 456 3736 cum
475 3683 527 3740 hac
544 3685 635 3741 forma
648 3686 761 3742 Wilam.
775 3687 818 3743 l.l.
832 3686 998 3742 comicorum
1009 3683 1136 3738 Platonis
1149 3685 1193 3746 ἀφ’
1202 3684 1277 3756 ἱερῶν,

114 3765 238 3820 Alexidis
256 3770 291 3828 εἰς
307 3769 338 3820 τὸ
357 3775 443 3842 φρέαρ.

183 3870 210 3936 3)
230 3867 306 3934 Quod
322 3871 417 3924 monet
435 3870 520 3925 etiam
533 3871 647 3927 Wilam.
659 3873 712 3936 1.1.,
730 3871 779 3941 qui
797 3873 854 3926 tres
873 3872 1007 3942 satyricus
1020 3870 1104 3925 fuisse
1117 3871 1277 3939 suspicetur

111 3955 242 4026 Ἡρακλέα,
257 3954 440 4026 Ἡρακλέιοκον,
462 3959 505 4009 ἐπὶ
524 3960 649 4031 Ταινάρῳ.
