2782 4554
629 235 670 298 35

59 415 246 499 decurtassc
275 415 375 493 putes.
418 411 536 475 Verum
566 413 717 493 quoniam
740 415 886 480 vidimus
901 418 1045 496 genuinis
1061 420 1231 485 indicibus

56 511 247 593 posteriores
270 512 421 587 nontam
444 508 638 575 subtraxisse
660 512 784 594 aliqua,
809 533 907 595 quam
932 515 1038 596 potius
1059 516 1227 594 addidisse,

56 610 88 673 id
120 608 207 691 quod
236 626 334 689 supra
364 605 530 687 apparuit,
571 608 634 672 alia
671 611 762 673 nobis
791 630 892 691 eaque
921 613 1023 676 verior
1051 615 1228 695 explicandi

56 710 138 773 ratio
158 704 381 786 investiganda
401 705 469 766 erit.
955 717 959 723 ’

162 807 269 888 Atque
323 824 362 868 ex
409 804 495 866 hac·
519 801 785 881 proficiscendum
835 806 1065 873 observatione.
1143 811 1225 875 Nam

59 908 211 988 quoniam
254 907 319 966 tam
360 921 431 964 raro
469 898 525 980 ipsi
566 900 706 981 duplices
749 903 829 966 tituli
867 906 1082 986 reperiuntur,
1129 908 1225 970 etiam

59 1005 186 1069 videtur
222 1002 329 1083 aliquo
369 1002 435 1063 inre
475 997 611 1062 dubitari
647 1001 784 1079 posseb,
823 1021 864 1064 an
895 1003 944 1064 alii
981 1002 1102 1084 aliquot
1134 1003 1225 1082 tituli,

56 1103 113 1166 etsi
146 1119 306 1182 nusquam
339 1099 369 1161 in
407 1115 508 1159 unum
538 1096 695 1177 duplicem
725 1098 820 1163 iuncti
852 1099 1016 1180 leguntur,
1052 1103 1161 1163 tamen
1193 1101 1224 1164 in

60 1220 161 1264 unum
197 1196 345 1277 iungendi
383 1195 459 1269 sint,
497 1193 652 1274 siquidem
686 1195 779 1261 unius
816 1218 870 1262 eos
909 1197 1036 1260 fabulae
1073 1199 1167 1262 luisse
1200 1201 1224 1262 si

58 1317 122 1360 non
153 1298 278 1359 constal
307 1293 439 1374 ubique,
468 1295 502 1354 at
531 1292 592 1353 veri
621 1291 813 1358 simillimum
844 1299 900 1358 est.
944 1295 990 1358 De
1019 1297 1135 1377 quihus
1162 1297 1225 1360 iam

57 1396 202 1457 veterum
235 1391 414 1455 testimonia
451 1390 676 1453 examinemus.
726 1391 833 1472 Atque
863 1393 1026 1473 Sophoclis
1054 1391 1225 1470 Αἰθίοπες,

11 1498 15 1507 ’
58 1484 148 1576 qdod
170 1510 287 1556 nomen
308 1493 385 1554 satis
406 1490 512 1552 multis
533 1487 667 1550 testibus
686 1488 843 1567 firmatur,
865 1491 961 1554 semel
977 1495 1125 1570 Μέμνων
1143 1511 1226 1556 nun·

57 1594 196 1672 cupatur
226 1588 308 1670 (arg.
338 1589 436 1670 Soph.
464 1583 541 1666 Ab).
594 1587 672 1649 Item
708 1606 768 1668 pro
801 1593 951 1667 Κοιμίκιοι
981 1590 1079 1652 sernel
1112 1595 1228 1661 Μίνως

58 1689 175 1752 dicitur
198 1686 312 1769 (Soph.
336 1688 372 1750 ir.
396 1686 452 1750 371
478 1685 574 1750 Clem.
597 1684 685 1747 Alex.
710 1684 825 1749 Strom.
849 1687 868 1749 6
891 1707 921 1767 p.
942 1687 1019 1764 741,
1044 1687 1082 1750 cl.
1106 1687 1226 1751 Nauck.

59 1786 101 1850 ad
126 1785 190 1862 fr).
233 1785 338 1849 Semel
364 1781 511 1865 Τήλεμος
530 1786 663 1846 vocatur
686 1783 738 1863 (fr.
760 1785 820 1847 519
842 1783 916 1846 Hes.
938 1784 951 1846 1
976 1804 1007 1864 p.
1031 1784 1120 1865 109),
1142 1805 1226 1867 quae

58 1885 245 1966 ceteroquin
258 1882 370 1963 (etiam
381 1882 466 1962 apud
478 1879 632 1957 eundern)
642 1883 759 1942 Μυσοί
767 1881 869 1953 audit;
887 1881 976 1943 cuius
988 1885 1095 1944 tamen
1110 1882 1226 1962 duplici

57 1983 153 2047 titulo
175 1980 224 2046 vel
242 2001 281 2044 ea
301 1982 384 2044 ratio
396 1981 510 2054 obstat,
533 1997 597 2058 qua
619 1997 714 2060 supra
737 1978 784 2060 (p.
801 1980 837 2042 13
850 1979 892 2041 ad
906 1975 1078 2058 σύλλογον)
1090 1979 1227 2042 vidimus

54 2081 200 2164 duplices
210 2082 253 2145 ab
263 2081 419 2163 Hesychia
435 2077 561 2141 servari.
593 2077 753 2157 Ἐπίγονοι
765 2079 879 2142 dicitur
889 2077 941 2154 (ir,
957 2077 1046 2149 18718
1059 2078 1145 2142 Stob.
1157 2079 1225 2143 flor.

54 2180 150 2260 33,u7
160 2182 193 2242 et
203 2177 320 2255 73,41),
342 2196 426 2258 quae
445 2177 633 2259 plerumque
653 2175 765 2256 (etiam
781 2175 823 2239 ab
840 2172 969 2254 eodem)
992 2174 1052 2238 suh
1061 2173 1227 2258 Ἐριφύλης

54 2277 188 2339 numine
219 2275 342 2338 citatur.
397 2273 488 2350 Quae
518 2273 612 2353 vulgo
642 2272 775 2352 μολντεις
804 2275 951 2348 vocatur,
987 2275 1036 2334 ter
1066 2271 1228 2345 Πολύιδος

54 2373 148 2437 audit
173 2369 539 2451 (lr.365Porpl1yr.de
562 2369 676 2432 abstin.
700 2371 787 2446 λ,19;
811 2369 848 2433 fr.
867 2369 957 2441 36617
979 2367 1053 2455 Hes.
1078 2370 1091 2432 1
1115 2390 1146 2450 p.
1164 2371 1225 2433 509

53 2474 89 2535 et
111 2471 182 2550 1·p.
201 2469 279 2544 291,
312 2468 365 2549 qui
395 2464 528 2546 μάντεις
550 2485 614 2528 non
633 2460 786 2544 exhibet).
836 2467 943 2547 Atque
974 2458 1059 2547 qriod
1090 2467 1164 2531 huie
1193 2470 1225 2532 in

54 2567 249 2632 editionibus
271 2563 388 2646 duplex
410 2563 519 2626 titulus
541 2561 735 2640 inscribitur,
756 2563 789 2626 id
810 2562 962 2627 audacius
985 2563 1051 2627 fieri
1072 2565 1165 2630 docet
1188 2566 1225 2631 f.

54 2665 117 2730 357
140 2663 243 2745 Etym.
265 2662 360 2725 Paris.
386 2661 416 2724 in
440 2663 550 2724 annot.
573 2660 614 2723 ad
636 2660 982 2742 Etym.Gud.p.1011‚·
1004 2662 1093 2725 euius
1115 2668 1227 2728 auctor

54 2765 181 2825 rectam
223 2758 345 2839 Polyidi
393 2758 528 2821 nominis
578 2759 769 2839 scripturam
814 2776 879 2820 non
919 2755 1118 2836 Πολύειδον,
1168 2762 1224 2825 sed

56 2855 224 2922 Πολύιδον
250 2875 319 2919 esse
347 2855 538 2936 probaturus
567 2861 757 2937 argumenta
788 2855 865 2935 petit
893 2855 1007 2934 partim
1024 2875 1075 2918 -ex
1106 2857 1226 2922 Aristo·

56 2954 206 3036 phaneae
245 2954 440 3033 cognominis
481 2952 606 3025 indice,
655 2954 769 3033 partim
812 2971 851 3013 ex
892 2951 988 3030 ipsius
1030 2951 1225 3033 Sophocleae

10 3078 14 3101 ··
60 3049 245 3130 tragoediae
267 3049 337 3114 loco
358 3070 406 3127 eo,
428 3050 483 3112 ubi
503 3051 535 3113 in
558 3067 595 3111 ea
607 3048 727 3130 Polyidi
749 3065 867 3111 nomen
887 3045 1058 3125 legebatur.
1096 3049 1178 3113 Nam
1201 3052 1226 3114 si

10 3146 12 3155 '
58 3146 182 3230 Polyidi
204 3164 321 3210 nomen
344 3147 438 3210 etiam
461 3147 493 3208 in
515 3146 695 3227 Sophocleo
721 3145 822 3209 indice
845 3144 911 3224 ipso
934 3144 1086 3225 scriptum
1109 3146 1224 3225 fuisset,

63 3246 169 3306 noune
191 3261 229 3306 eo
250 3244 478 3322 grammaticus
499 3243 573 3306 item
595 3246 692 3324 atque
715 3244 745 3305 in
765 3240 1000 3321 Aristophanae
1023 3241 1131 3305 fabula
1152 3261 1227 3307 usus

61 3344 157 3417 esset,
187 3359 252 3422 quo
281 3340 367 3421 quod
396 3338 525 3403 volebat
555 3338 839 3431 comprobaretur?
881 3335 973 3401 Certe
999 3337 1093 3418 igitur
1119 3359 1225 3420 gram·

65 3438 197 3501 maticus
225 3436 276 3498 hic
301 3435 423 3498 nullum
447 3435 573 3500 titulum
601 3436 660 3499 nisi
680 3435 813 3514 μα’νιεις
835 3436 937 3497 norat.
982 3435 1174 3509 Ναοσικολας
1197 3441 1250 3501 et.

64 3533 241 3615 πλονιριοῖν
268 3533 398 3596 nomina
426 3533 494 3613 puri
517 3534 597 3596 inter
617 3553 651 3596 se
672 3532 925 3596 testimoniorum
946 3532 1053 3613 inopia
1076 3539 1225 3616 aequant.

10 3670 12 3678 ·
68 3629 177 3702 Φινεύς
200 3627 230 3708 d
250 3633 281 3692 et
302 3634 529 3708 ιομιιοινισιαί
548 3649 589 3694 ne
611 3631 764 3693 inunum
788 3628 915 3694 titulum
935 3629 1129 3710 copulenter,
1149 3631 1225 3694 item

10 3730 17 3813 ξ
69 3722 209 3807 Hesychii
240 3725 293 3789 illa
321 3725 472 3789 laudandi
496 3727 577 3791 ratio
596 3727 743 3808 impedit,
776 3733 874 3808 atque
903 3728 1033 3790 omnino
1058 3746 1136 3791 num
1161 3747 1226 3791 una

10 3832 19 3850 ⁴
70 3823 238 3906 eademque
260 3823 367 3887 fabula
391 3823 530 3900 dicatur,
558 3842 654 3904 supra
676 3824 811 3889 vidimus
832 3825 969 3889 dubitari
991 3842 1092 3906 posse.
1136 3823 1226 3900 Quae

72 3968 255 3981 ψ

133 4034 159 4102 1)
175 4032 209 4087 Id
229 4033 301 4101 quod
321 4031 485 4088 dubitarunt
504 4032 557 4087 viri
575 4033 658 4099 docti,
677 4033 812 4104 imprimis
825 4032 987 4089 Welelrcrus
996 4031 1078 4102 Trug.
1090 4049 1115 4101 p.
1125 4033 1158 4086 65
1169 4049 1228 4101 sqq.

977 4137 1019 4194 Be.

1276 4214 1316 4279 .-ι
