2782 4554
660 214 718 281 δῖ

97 400 254 482 Euripidis
265 396 402 480 Βάκχαι,
423 398 559 480 satyrica
569 400 732 478 θερισταί.
768 399 836 464 -Alii
857 399 995 482 denique
1016 399 1097 462 tituli
1120 402 1270 464 eertum

101 499 295 582 negotium
317 498 469 576 indicant,
493 496 756 580 quod-chorus
779 498 814 561 in
837 498 918 581 ipsa
935 497 1093 563 tabulae
1112 499 1271 563 actione

103 599 270 676 factitat,
282 597 429 679 Aeschyli
440 600 565 678 δεωροί
574 590 612 679 (ἢ
618 596 857 677 Ἰσθμιασταί),
869 595 1012 676 ἱκέτιδες,
1023 595 1185 678 ξάντριαι,
1196 620 1271 681 χοη·

104 697 207 782 φόροι,
215 695 1273 786 ψυχαγωγοι’,ὃορὴο01ἰεῥιζοτόμοι(ε11ελίας),ειιῑγνὶοιιθἎχιλλέως

103 798 250 879 ἐρασταί,
262 793 464 857 σύνδειπνοι
479 795 536 876 (=-·-
549 792 758 874 σύνδειπνον,
781 795 912 873 Ἀχαιῶν
933 795 1158 878 σύνδειπνον),
1181 796 1271 861 Euri·

104 897 185 980 pidis
205 893 346 966 ἱκέτιδες.
392 894 500 976 Atque
528 912 640 957 omnes
666 894 724 957 hos
737 925 740 928 ·
753 893 866 957 choros
893 900 1144 961 consentaneum
1168 897 1269 960 estin

104 993 233 1076 singulis
256 992 369 1057 tabulis
390 1011 455 1056 non
476 992 580 1057 solum
601 997 671 1071 eo,¹
687 994 740 1075 qui
764 995 892 1057 nomine
911 993 1124 1076 significatur,
1155 996 1269 1059 vestitu

106 1097 222 1161 ornatu
249 1096 406 1175 apparatu
429 1090 594 1174 insignitos
616 1092 647 1155 in
670 1111 800 1157 scenam
821 1094 978 1174 prodisse,
1009 1095 1065 1158 sed
1091 1095 1190 1158 etiam
1210 1096 1270 1159 sat*

104 1194 193 1259 tandi
222 1193 340 1273 figuras
369 1191 500 1273 proprio
527 1210 592 1272 quo
623 1191 983 1271 iungebanturmuneri
1006 1195 1271 1273 conformasse¹);

104 1295 219 1376 quihus
258 1294 290 1355 in
326 1291 421 1354 rebus
460 1293 595 1354 naturae
634 1309 733 1372 quam
766 1293 983 1358 consimillima
1015 1295 1206 1359 instruendis
1240 1301 1272 1360 et

19 1450 22 1462 ι
105 1397 272 1478 poetarum
296 1392 328 1454 ei
350 1390 562 1470 choragorum
584 1395 668 1471 erat,
692 1409 850 1456 unacum
875 1392 1044 1474 splendore
1066 1394 1176 1476 aliquo
1196 1396 1272 1461 sub·

106 1494 251 1560 tilitatem
285 1488 541 1570 elegantiamque
575 1489 679 1553 iudicii
715 1494 887 1571 praestare.
939 1492 1020 1556 Sunt
1052 1497 1160 1557 autem
1190 1494 1273 1559 inter

104 1596 239 1658 cunctas
286 1587 431 1668 tabulas,
482 1588 507 1651 si
556 1607 725 1652 numerum
774 1595 919 1673 spectas,
970 1593 1135 1674 pauciores
1184 1593 1272 1658 chori

106 1692 235 1757 nornine
261 1687 440 1768 inscriptae.
482 1685 607 1751 Tamen
636 1689 723 1770 quod
753 1689 840 1753 haud
870 1691 914 1754 ita
939 1709 1076 1772 parvum
1099 1710 1273 1755 numerum

105 1787 247 1854 efficiunt
273 1821 312 1831 -
348 1789 424 1850 sunt
458 1786 543 1850 enirn
574 1788 778 1870 septuaginta
800 1823 848 1867 —,
877 1790 973 1854 etiarn
1005 1809 1044 1854 eo
1083 1790 1272 1870 declaratur,

106 1891 229 1972 quanta
250 1886 341 1951 tuerit
362 1887 394 1949 in
412 1885 604 1952 Graecorum
626 1889 789 1968 tragoedia
811 1889 898 1952 chori
919 1889 973 1952 vis.
1016 1889 1060 1954 At
1081 1909 1146 1954 non
1169 1909 1273 1973 aequo

105 1989 202 2053 modo
225 1985 374 2051 omnibus
395 1985 564 2050 aetatibus.
613 1985 713 2068 Magis
737 1988 820 2056 enirn
844 1988 1007 2069 magisque
1029 1983 1099 2052 eain
1128 1989 1273 2053 imminui

107 2089 157 2152 rel
182 2087 306 2152 numeri
335 2085 470 2164 doceni;
500 2085 692 2166 Aeschylus,
724 2086 814 2149 cuius
842 2086 970 2151 fabulae
991 2090 1128 2152 cunctae
1151 2087 1272 2152 circiter

107 2186 268 2266 octoginta
291 2188 516 2265 numerantur,
544 2184 671 2265 triginta
693 2188 846 2266 quattuor
868 2185 954 2250 chori
978 2187 1106 2271 nomine
1125 2187 1279 2269 signavit,

107 2285 290 2367 Sophocles,
313 2285 368 2368 qui
392 2284 462 2363 plus
483 2286 612 2347 centurn
633 2284 766 2366 scripsit,
788 2285 896 2364 viginti
913 2288 995 2363 octo,
1020 2284 1185 2365 Euripides
1202 2289 1276 2349 octo

107 2386 188 2448 inter
214 2383 376 2463 octoginta
404 2384 545 2464 septem,
573 2402 670 2465 porro
692 2384 778 2465 apud
800 2385 991 2447 recentiores
1017 2384 1156 2464 tragicos
1176 2384 1273 2448 etiam

108 2483 228 2546 rariora
270 2485 443 2547 occurrunt
482 2481 571 2545 chori
615 2483 762 2560 nomina,
804 2502 907 2565 paene
945 2483 1035 2547 nulla
1071 2486 1147 2547 sunt
1187 2483 1275 2565 apud

107 2580 301 2649 Romanos(

190 2713 256 2776 lam
284 2711 449 2775 consilium
477 2713 503 2775 si
524 2708 668 2789 quaeris,
698 2728 763 2791 quo
791 2712 887 2790 poeta
912 2709 1046 2772 chorum
1070 2707 1276 2789 inscripserit,

108 2811 196 2876 haud
224 2812 268 2875 ita
297 2830 394 2893 saepe
424 2812 490 2893 ipsa
520 2810 602 2874 actio
630 2807 703 2884 fuit3
728 2827 909 2891 perpaucae
930 2809 1013 2871 enirn
1037 2805 1164 2870 tabulae
1186 2810 1274 2883 sunt,

108 2911 140 2973 in
164 2910 279 2992 quibus
307 2929 434 2974 summa
455 2910 586 2974 actionis
608 2929 628 2973 a
650 2909 748 2972 choro
769 2908 923 2990 pendeat,
953 2907 1039 2970 velut
1055 2906 1141 2969 inter
1162 2923 1277 2986 super·

107 3011 195 3072 stites
227 3009 405 3093 Aeschylea
440 3007 574 3080 ἱκέτιδες
603 3011 634 3072 et
665 3007 832 3088 Euripidae
865 3003 1029 3086 Τρῳάδες.
1080 3003 1278 3084 Plerumque

108 3108 202 3189 igitur
218 3108 312 3171 debet
334 3109 394 3172 alia
416 3127 513 3173 causa
535 3107 638 3171 fuisse.
669 3108 718 3171 Ac
737 3126 832 3188 saepe
851 3106 1000 3169 nimirum
1023 3121 1087 3167 una
1104 3102 1185 3166 haec
1197 3106 1277 3180 erat,

109 3207 196 3289 quod
227 3207 307 3270 inter
335 3208 509 3287 singulares
539 3225 692 3289 personas
726 3205 814 3270 nulla
841 3205 917 3268 satis
945 3205 1074 3284 insignis
1104 3202 1279 3278 eminebat,

109 3325 192 3387 quae
222 3307 327 3387 aptius
362 3307 488 3370 inscribi
515 3307 673 3388 posset²);
711 3307 755 3369 sic
784 3306 868 3370 enim
898 3303 1073 3382 Sophocles
1104 3304 1282 3380 Τραχινίας

108 3404 301 3483 nominavit,
323 3406 355 3468 in
377 3425 441 3488 qua
464 3424 623 3469 summam
648 3405 782 3469 actionis
803 3405 857 3468 vix
879 3405 963 3468 dices
980 3422 1080 3485 penes
1100 3421 1200 3466 unam
1222 3405 1281 3467 aut

110 3505 254 3569 Herculis
277 3510 333 3569 aut
349 3505 516 3570 Deianirae
536 3524 707 3588 personam
732 3504 840 3581 esse³).
884 3503 918 3566 ln
943 3502 1113 3582 nonnullis,
1138 3502 1281 3567 maxime

109 3603 164 3668 ubi
189 3604 306 3668 chorus
336 3623 375 3668 ex
403 3605 586 3670 mulieribus
617 3605 800 3682 constabat,
829 3623 869 3668 ex
895 3604 963 3667 eius
991 3603 1121 3666 nornine
1144 3601 1281 3667 sortame

179 3852 207 3918 1)
228 3851 268 3905 Ol.
286 3849 393 3905 Welck.
412 3850 502 3906 Prom.
520 3870 546 3920 p.
565 3851 615 3904 494
633 3869 692 3919 sqq.

180 3944 207 4012 2)
231 3945 270 4000 ef.
289 3943 395 3998 Welck.
414 3944 496 4014 Trag.
516 3962 542 4013 p.
562 3945 596 3999 69
614 3962 673 4012 sqq.

182 4036 208 4108 3)
228 4037 269 4093 ef.
288 4037 487 4095 Schneidewin
506 4037 586 4113 Soph.
605 4036 702 4092 Traeb.
721 4037 763 4091 ed.
782 4035 830 4096 iv.
850 4052 876 4106 p.
895 4039 937 4095 28.
