2782 4554
324 204 328 231 t

666 230 707 295 aa

135 393 194 487 quid
214 407 252 471 de
273 407 309 470 iis
332 405 514 471 detraxisse.
546 404 665 483 Quodsi
684 405 779 469 etiam
803 405 883 470 haec
901 407 1072 486 agnomina
1089 409 1276 488 posteriores

131 505 308 584 addiderunt,
332 505 419 571 unde
441 524 478 569 ea
498 505 597 586 petito
618 506 680 567 sint
700 507 863 586 quaerenti
886 508 1002 569 nemini
1027 527 1091 571 non
1113 509 1218 571 statim
1241 509 1273 572 in

130 608 247 669 mentem
269 606 407 680 venient,
435 624 520 687 quae
549 605 582 667 in
610 603 712 668 lacero
733 605 890 669 Tauricae
912 611 1103 685 argumento
1125 607 1273 686 leguntur

128 703 214 786 ἡμὲν
231 704 335 789 σκηνή
362 707 424 768 τοῦ
440 703 607 786 δράματος
627 702 798 768 ὑπόκειται
816 707 851 767 ἐν
877 701 1015 786 Ταύροις
1042 707 1097 785 τῆς
1117 711 1273 778 Σκυθίας.
1311 790 1315 795 1

190 805 259 869 Non
303 807 395 869 aliter
430 803 472 868 de
508 803 693 885 Sophocleis
741 805 867 870 duabus
892 805 1036 888 Oedipis
1076 808 1270 871 censendum

126 904 265 987 erit-quas
287 909 410 969 veteres
438 905 536 969 secuti
558 901 719 985 adponam
741 909 773 967 et
793 904 849 966 ἐπὶ
874 904 1011 984 Κολωνῷ
1033 924 1147 968 vocare
1168 925 1273 969 assue-

125 1002 217 1067 vimus.
260 1002 437 1067 Coloneum
467 1005 551 1067 enim
576 1005 692 1068 scimus
713 1004 826 1085 quinto
852 1004 980 1067 demum
1015 1008 1085 1085 post
1105 1004 1272 1088 Sophoclis

125 1106 239 1167 alodem
270 1122 364 1166 anno.
385 1121 405 1165 a
426 1103 607 1183 cognomini
630 1104 696 1167 eius
725 1105 840 1183 nepote
867 1103 997 1165 doctam
1025 1122 1092 1167 esse
1121 1103 1165 1185 (υ.
1190 1105 1271 1169 intra

124 1222 175 1284 por.
187 1203 252 1284 15).
293 1202 413 1283 lterum
435 1203 592 1267 accedunt
613 1203 695 1266 aliae
716 1202 866 1266 rationes.
908 1201 954 1264 De
976 1222 1049 1283 rege
1070 1205 1153 1266 enim
1178 1206 1273 1269 modo

123 1306 287 1374 ιποθέσεις
298 1300 455 1385 inspicias,
468 1321 552 1384 quae
566 1303 593 1365 ei
610 1302 825 1384 praescriptae
836 1305 920 1365 suot.
954 1302 1015 1365 Ubi
1034 1303 1119 1384 quod
1138 1306 1274 1370 traditur

123 1400 304 1484 ίτύραινος
332 1398 491 1474 Οἰδίπους
517 1401 574 1463 ἐπὶ
606 1400 764 1480 διακρίσει
783 1404 929 1481 θατέρου
948 1401 1182 1483 ἐπιγέγραπται
1205 1408 1235 1468 et
1258 1404 1276 1467 ὁ

120 1501 262 1584 τύραννος
283 1499 442 1574 Οἰδίπους
463 1500 547 1583 πρδς
568 1499 820 1584 α’ντιδιαστολήν
844 1501 904 1562 τοῦ
931 1502 967 1563 ἐν
983 1504 1030 1581 τῷ
1052 1501 1191 1584 Κολωνῷ
1206 1505 1275 1568 ἐπι-

120 1611 294 1685 γέγραπται,
315 1602 466 1666 discimus
484 1602 571 1677 inde,
593 1601 690 1681 Regis
713 1601 857 1678 indicem,
879 1619 943 1682 quo
964 1603 1079 1665 certius
1101 1603 1274 1670 aColoneo

121 1702 372 1783 distingueretur,
408 1698 570 1781 τυράννου
605 1701 824 1764 additamento
843 1703 985 1764 auctum
1023 1721 1101 1765 esse.
1152 1703 1275 1786 Nempe

120 1819 135 1863 a
158 1801 401 1883 posterioribus
432 1801 487 1883 qui
514 1803 634 1864 certam
664 1800 900 1863 distinctionem
922 1800 954 1861 in
986 1819 1025 1862 eo
1042 1801 1274 1867 deriderabant.

119 1899 208 1965 Porro
236 1899 335 1963 verba
365 1907 538 1980 χαριέντως
569 1899 607 1962 δὲ
634 1895 782 1970 ἅπαντες
817 1932 851 1945 -
884 1893 926 1970 ὥς
960 1914 1041 1980 φησι
1067 1904 1276 1982 Δικαίαρχος,

119 2018 310 2084 quamquam
332 1999 376 2062 nil
398 2003 473 2065 sunt
492 2000 550 2063 nisi
578 1999 718 2062 affectati
739 1998 937 2078 grammatici
957 1999 1153 2076 argutiarum
1177 1998 1274 2076 lusus,

118 2097 289 2162 hortamen
299 2098 451 2176 indicant,
467 2094 630 2177 τυράννου
640 2116 762 2174 vocem,
778 2097 922 2178 quamvis
932 2101 1016 2178 apte,
1031 2101 1172 2161 attamen
1185 2099 1275 2162 addi-

66 2270 69 2285 ,
116 2199 175 2261 lam
197 2197 380 2280 aquodam
410 2216 487 2261 esse.
529 2197 576 2260 Ex
604 2196 639 2259 iis
668 2199 776 2261 autern
804 2215 887 2278 quae
915 2197 1126 2278 insequuntur
1149 2197 1213 2262 εἰσὶ
1238 2199 1277 2262 δὲ
1314 2246 1319 2254 .

116 2297 164 2359 καὶ
184 2332 223 2343 -
246 2296 303 2359 διδ
320 2295 364 2360 τοὶ
385 2292 574 2377 πράγματα,
597 2299 823 2377 praeterquam
847 2296 932 2376 quod
953 2296 1074 2377 Regem
1105 2298 1191 2378 prius
1214 2297 1275 2362 Co-

115 2397 203 2462 loneo
224 2396 343 2462 editam
367 2415 435 2460 esse
457 2395 674 2473 confirmatur,
695 2394 771 2458 illud
794 2413 922 2476 quoque
946 2399 1089 2476 apparet,
1116 2395 1277 2477 τυράννου

115 2515 270 2578 agnomen
305 2514 369 2559 non
400 2514 502 2560 unum
540 2493 633 2558 fuisse
669 2495 830 2557 communi
866 2513 924 2556 usu
960 2499 1139 2575 receptum,
1169 2496 1276 2560 luisset

115 2603 218 2662 autem
240 2596 309 2660 sine
329 2594 439 2674 dubio,
460 2596 485 2658 si
507 2594 549 2658 ab
566 2595 634 2676 ipso
649 2595 743 2675 poeta
755 2592 908 2656 additum.
940 2592 1033 2656 Adde
1053 2594 1138 2672 quod
1161 2599 1212 2658 vix
1233 2596 1277 2659 ila

113 2695 282 2779 Sophocles
301 2692 462 2777 adponam
483 2693 698 2776 inscripsisset,
719 2692 778 2755 nisi
793 2711 869 2755 vero
891 2696 1115 2770 argumentum
1139 2693 1276 2774 ineptius

112 2795 313 2861 iudicaturus.
356 2794 522 2858 Summam
547 2793 632 2856 enim
657 2792 733 2868 eius,
765 2791 789 2854 si
813 2791 913 2872 ipsam
935 2810 1002 2854 rem
1024 2795 1156 2873 spectas,
1186 2793 1276 2857 facile

112 2894 274 2975 cognoscis
298 2912 361 2957 non
383 2898 450 2957 tam
480 2893 510 2955 in
541 2893 717 2955 miserrimo
748 2890 800 2952 illo
822 2888 1005 2970 Oedipodae
1026 2909 1124 2969 regno
1146 2894 1274 2972 versari,

111 3012 207 3075 quam
229 2993 260 3055 in
282 2995 397 3055 cuncto
419 2993 543 3054 funesto
565 2990 631 3054 lato
653 2990 710 3070 ipsi
733 2987 884 3069 Oedipodi
913 2988 1157 3068 pervestigando
1178 2994 1275 3071 atque

112 3090 342 3172 cognoscendo
385 3090 531 3154 Fortasse
552 3087 711 3169 τύραννον
729 3092 825 3168 poeta
852 3086 935 3149 hane
963 3092 1118 3167 vocasset,
1147 3089 1172 3151 si
1195 3090 1276 3152 duas

111 3190 293 3270 Oedipodas
315 3189 346 3252 in
362 3207 427 3253 una
441 3187 613 3268 didascalia
633 3188 778 3270 edidisset
793 3205 898 3249 rerum
916 3185 1022 3267 aliqua
1039 3187 1276 3252 contiuuatIOne

112 3289 193 3353 inter
213 3308 248 3351 se
270 3289 445 3352 coniuntas.
488 3288 593 3367 Atque
622 3288 683 3351 hac
710 3306 775 3351 una
803 3286 935 3362 ratione,
966 3289 1001 3348 ut
1031 3285 1062 3347 in
1085 3284 1274 3368 Oedipodeis

110 3389 203 3453 rebus
226 3406 308 3469 quae
330 3387 370 3450 sit
388 3387 498 3469 prioris
521 3386 647 3450 tabulae
667 3406 686 3449 a
708 3385 883 3467 posteriore
904 3383 1033 3463 insignis
1058 3383 1276 3451 dissimilitudo

110 3490 279 3569 spectetur,
306 3481 467 3567 τυράννου
496 3505 557 3549 vox
586 3484 716 3549 omnino
747 3487 868 3548 rectum
896 3502 1026 3546 sensum
1059 3484 1188 3547 exhibet
1218 3504 1276 3550 nec

109 3586 168 3649 uisi
191 3586 231 3649 de
250 3584 311 3649 hac
332 3585 455 3649 ratione
475 3587 616 3666 potesta
639 3584 849 3663 grammatico
870 3582 1181 3664 quodamadseripta
1197 3605 1276 3648 esse.

109 3684 200 3762 Quae
223 3687 330 3747 autem
359 3683 399 3746 de
421 3702 460 3748 ea
482 3682 660 3762 argumenti
690 3686 802 3746 auctor
831 3682 961 3755 disserit,
991 3700 1063 3744 cum
1095 3682 1169 3745 dicit
1192 3683 1277 3744 ἴδιον

108 3783 149 3845 δι’
157 3804 188 3844 τι
202 3779 419 3844 πεπόνθασιν·
434 3779 466 3842 οἱ
476 3784 547 3861 μεθ
558 3777 699 3863 Ὅμηρον
717 3781 849 3862 ποιηταὶ
872 3779 945 3852 τοίς
957 3780 1023 3860 πρὸ
1041 3782 1107 3841 τῶν
1126 3783 1277 3861 Τρωικῶν

108 3879 256 3962 βασιλεῖς
277 3877 455 3959 τυράννους
477 3877 773 3961 προσαγορεύοντες
794 3878 867 3957 κτλ,
899 3898 962 3942 non
986 3879 1016 3941 in
1044 3879 1186 3959 tilulum,
1220 3882 1276 3946 sed

107 3980 182 4045 illuc
205 3980 371 4061 pertinent,
402 3979 487 4060 quod
519 3979 579 4042 hoc
610 3977 738 4042 nomine
769 3996 995 4059 nonnusquam
1027 3982 1121 4058 poeta
1152 3979 1182 4042 in
1210 3979 1278 4061 ipsa
