2782 4554
673 173 693 236 6

99 353 243 416 dolorem
256 352 350 415 huius
366 352 478 415 silentii
495 371 626 417 causam
638 349 854 414 fuissevellem
867 368 1003 430 usquam
1018 350 1170 413 traditum
1182 353 1268 412 esset.

101 449 184 528 Quid
214 450 298 513 enim
325 454 447 514 veteres
470 450 608 514 docent?
649 449 770 514 Dicitur
791 447 930 512 Achilles
952 449 1088 512 tacuisse
1110 447 1169 509 οὐκ
1188 447 1269 510 dno-

102 547 297 631 κριυόμεοος.
333 547 405 612 Non
426 550 606 631 respondet,
629 567 745 629 nempe
762 550 903 628 rogatus,
926 566 945 610 a
964 547 1092 611 Priamo
1112 548 1273 624 nimirum,

104 649 157 730 qui
187 667 260 712 eum
291 649 473 711 succinente
505 650 604 712 choro
634 647 779 728 precibus
808 646 957 726 adibat¹).
1011 646 1075 710 Nec
1108 647 1212 727 magis
1243 648 1273 710 in

102 747 279 829 Sophoclea
300 749 480 827 cognomini
502 747 559 810 διοὶ
576 744 753 828 συμφοράν
770 745 935 824 Achillem,
957 746 1013 808 sed
1031 745 1072 807 δι’
1085 744 1275 808 ου’θοίδοιαυ

103 847 300 910 obmutuisse
327 847 423 910 modo
450 847 640 911 audivimus.
693 845 747 909 Sin
770 844 948 926 Sophoclea
975 845 1054 908 haec
1084 845 1274 909 scholiastae
1316 834 1319 849 ’

103 946 261 1009 tribuetur
283 947 338 1028 qui
358 946 505 1028 Aeschyli
534 952 564 1009 et
588 943 753 1028 Sophoclis
775 943 905 1025 nomina
926 944 1007 1006 inter
1030 963 1063 1006 se
1085 943 1273 1021 confuderit,

104 1045 223 1125 optime
254 1045 341 1125 quod
372 1045 445 1107 volo
473 1045 628 1109 concedes
657 1045 691 1107 in
722 1042 869 1123 Aeschyli
896 1040 1076 1123 Phrygibus
1100 1040 1141 1103 δι’
1167 1041 1277 1104 adda·
1320 1047 1322 1112 t

105 1141 297 1218 deravo,non
313 1142 368 1204 διοὲ
380 1141 556 1225 συμφοράν
566 1141 922 1207 conticuisseAchillem.
937 1142 1044 1222 Atque
1054 1141 1131 1222 quid
1143 1142 1277 1205 omnino

105 1241 136 1303 in
153 1259 191 1304 ea
205 1239 300 1303 vellet
324 1240 436 1322 lugens
449 1242 596 1318 Achilles,
620 1243 674 1325 qui
692 1243 813 1306 luctum
834 1241 910 1303 satis
929 1240 1040 1303 iamin
1060 1241 1276 1303 antecedenti-

107 1339 167 1402 bus
199 1339 338 1420 trilogiae
370 1339 485 1404 fabulis
517 1339 762 1423 expleverat?⁹)
816 1339 879 1403 Sed
912 1339 1003 1419 quasi
1035 1338 1278 1420 obstupefactus

106 1439 211 1502 subito
242 1439 472 1522 inopinatoque
504 1441 621 1504 Priami
656 1440 798 1504 adventu
829 1441 926 1520 atque
953 1438 1027 1501 odio
1058 1438 1090 1501 in
1119 1437 1278 1501 Troianos

105 1539 280 1602 etiamtunc
303 1539 458 1602 acerrimo
480 1541 630 1603 efferatus
651 1558 763 1604 vocem
784 1537 986 1619 compressit,
1014 1536 1155 1600 similiter
1177 1542 1278 1620 atque

107 1637 296 1700 Homericus
321 1636 372 1700 ille
395 1637 535 1720 luppiter
558 1640 644 1703 iuxta
666 1637 835 1702 Thetidcm
865 1636 1039 1712 obmutuit,
1069 1653 1165 1717 quem
1191 1634 1275 1698 idem

104 1736 274 1800 scholiasta
297 1742 461 1801 memorat.
509 1739 604 1816 Quod
626 1739 670 1801 ita
693 1757 727 1801 se
750 1737 883 1814 habere,
909 1736 942 1798 ni
961 1735 1052 1799 fallor
1073 1736 1170 1798 etiam
1195 1735 1277 1816 figu-

106 1840 195 1898 ratae
216 1836 293 1898 artis
315 1841 541 1914 monumenta,
571 1857 655 1920 quae
680 1837 765 1901 hanc
787 1854 915 1899 scenam
939 1838 1179 1917 expresserunt,
1204 1852 1279 1915 per·

106 1933 250 1996 suadent.
295 1935 406 2016 Neque
436 1937 522 1999 enim
553 1937 585 1999 in
616 1936 668 2013 its,
701 1955 784 2018 quae
814 1935 944 2016 quidem
972 1934 1135 1998 severioris
1163 1933 1280 1996 aetatis

106 2036 197 2109 sunt,
228 2043 327 2115 caput
359 2038 444 2098 veste
473 2035 594 2099 velatus
616 2034 755 2098 Achilles
786 2034 969 2113 cernitur³t
1014 2033 1135 2096 Scilicet
1165 2032 1278 2097 deerat

106 2131 235 2194 omnino
257 2131 282 2194 is
302 2133 402 2197 animi
422 2137 545 2211 motuS,
573 2153 669 2216 quern
693 2133 894 2215 ceteroquin,
916 2134 1002 2197 velut
1024 2133 1056 2196 in
1077 2133 1278 2212 Pompeiana

106 2229 158 2293 illa
194 2230 234 2293 de
261 2229 424 2296 Aulidensi
457 2233 619 2315 iphigenia
650 2233 792 2314 pictura,
830 2233 934 2297 velato
963 2232 1053 2296 vultu
1090 2252 1275 2313 expressum

106 2329 258 2392 videmus.
281 2365 321 2374 —
340 2331 549 2413 Aeschyleam
571 2330 765 2415 Ἀταλάντην
794 2332 882 2415 quod
911 2351 994 2395 unus
1020 2331 1184 2412 catalogus
1209 2352 1276 2396 me·

105 2432 226 2506 morat,
247 2429 323 2493 satis
345 2429 461 2494 idonea
484 2449 582 2495 causa
605 2435 651 2494 est
673 2450 730 2495 cur
752 2436 928 2495 teneamus.
973 2431 1057 2494 Nam
1079 2431 1112 2493 in
1134 2450 1189 2510 eo,
1220 2433 1277 2496 etsi

105 2526 260 2590 nonnulla
281 2529 413 2592 nomina
435 2547 673 2611 supervacanea
694 2534 786 2611 sunt,
807 2530 847 2594 de
868 2531 984 2612 quibus
1005 2531 1087 2594 inira
1110 2531 1195 2612 (par.
1218 2530 1274 2612 13)

104 2625 291 2706 videbimus,
315 2632 424 2692 tamen
446 2629 569 2695 nullum
593 2631 699 2694 adhuc
721 2632 868 2695 novimus
887 2632 973 2695 omni
994 2649 1033 2694 ex
1053 2634 1144 2712 parte
1163 2631 1275 2694 fictum

106 2725 212 2806 esse4).
253 2726 326 2791 Non
356 2728 456 2810 magis
485 2750 543 2811 ego
570 2731 772 2813 Euripideam
803 2729 940 2812 Κάδμον·
967 2732 1161 2813 respuerim,
1191 2750 1276 2813 quae

105 2825 202 2890 semel
224 2830 420 2891 memoratur
441 2828 527 2908 (Eur.
547 2829 586 2893 fr.
600 2831 658 2893 451
682 2831 776 2894 Proh.
798 2831 832 2894 in
846 2831 938 2911 Verg.
954 2831 1009 2894 ecl.
1027 2831 1095 2909 6,31
1115 2831 1276 2912 p.11,25).

106 3026 258 3095 τραγῳδίας,
283 3023 421 3095 γρύζοντας
444 3027 503 3078 citt
527 3032 608 3094 τουτί,
634 3028 668 3080 ad
694 3043 765 3094 quae
788 3027 872 3081 schol.
899 3028 1058 3095 δ’Λγιλλεύς
1082 3031 1109 3081 di
1135 3033 1279 3098 καθήμενός

106 3114 162 3162 ἐστι
185 3113 226 3162 καλ
248 3113 291 3163 σύκ
315 3114 508 3183 ἀποκρινόμενος
533 3115 595 3183 παρ’
609 3114 731 3182 Αἰσχύλῳ
757 3117 783 3166 ἐν
802 3114 915 3185 δράματι
935 3118 1125 3186 ἐπιγραφομένῳ
1146 3120 1243 3187 Φρυξὶν
1262 3117 1279 3185 ἢ

100 3197 213 3268 ’Έκτορος
236 3200 343 3269 λύτροις.
378 3199 468 3259 ἄλλοις·
495 3201 557 3259 εἰκὸς
578 3202 622 3251 τὸν
642 3204 669 3252 ἐν
688 3212 741 3260 τοῖς
763 3203 857 3273 Φρυξὶν
873 3202 991 3268 ’Λχιλλύα
1011 3203 1029 3270 ἢ
1040 3203 1153 3273 Ἕκτορος
1171 3206 1277 3274 λύτροις.

106 3285 124 3352 ἢ
142 3286 186 3335 τὸν
204 3288 230 3335 ἐν
246 3286 409 3354 Μυρμιδόσιν
428 3286 454 3345 ὃς
467 3292 545 3354 μέχρι
563 3287 639 3358 τριῶν
655 3286 754 3357 ἡμερῶν
772 3290 845 3341 auctr
856 3294 1004 3355 φθέγγεται,
1037 3289 1077 3344 Cf.
1091 3291 1138 3344 vil.
1152 3293 1277 3363 Aeschyi.

106 3373 134 3422 ἕν
153 3393 180 3424 τε
199 3382 252 3431 τοῖς
262 3370 375 3442 Ἕκτορος
392 3374 492 3440 λύτροις
508 3375 638 3441 Ἀχιλλεύς
655 3375 745 3436 ὁμοίως
763 3377 972 3442 ἐγκεκαλυμμένος
990 3378 1018 3429 σύ
1037 3382 1190 3444 φθέγγεται,
1211 3380 1278 3446 πλὴν

106 3462 133 3510 ἐν
151 3459 246 3528 α’ρχαῖς
265 3460 336 3526 σ’λλγα
355 3463 419 3530 πρὸς
433 3460 526 3532 Ἑρμῆν
544 3462 676 3525 ἀμοιβαῖα.

178 3564 202 3630 l)
227 3562 304 3627 Quod
330 3562 436 3617 indicat
454 3562 593 3632 Aristoph.
618 3565 692 3632 apud
714 3564 813 3618 Athen.
833 3565 846 3616 1
866 3583 893 3634 p.
910 3566 941 3618 21
961 3566 980 3620 f.
1003 3571 1040 3633 (v.
1060 3567 1167 3621 Nauck.
1187 3587 1212 3636 p.
1233 3569 1277 3638 65)

106 3651 147 3699 καὶ
170 3652 227 3708 τούς
245 3650 350 3721 Φρύγας
366 3641 424 3701 οἶδα
444 3650 556 3718 θεωρῶν,
573 3650 634 3719 13τε
654 3651 691 3721 τῷ
709 3652 821 3722 Πριάμῳ
840 3653 1017 3714 συλλυσόμενοι
1039 3655 1082 3704 τὸν
1103 3654 1178 3705 παῖδ’
1197 3644 1279 3723 ἦλθον

106 3735 253 3796 τεθνεῶτα,
272 3737 276 3804 Ι
292 3738 373 3788 πολλοὶ
393 3739 491 3789 τοιαυτὶ
508 3740 549 3789 καλ
567 3740 668 3790 τοιαυτὶ
685 3740 727 3789 καὶ
745 3738 817 3808 δεῦρο
833 3744 1050 3807 σγηματίσαντας.

175 3840 203 3896 ut
222 3838 342 3893 Maxime
360 3839 390 3894 in
408 3841 637 3909 Myrmidonibus,
658 3860 683 3896 v.
700 3859 764 3910 png.
783 3859 842 3910 sup.
862 3844 919 3895 not.
938 3844 961 3897 7.

172 3943 202 4010 3)
222 3942 260 3997 cf.
279 3942 432 4013 Robertgl.
452 3944 471 4000 l.
490 3963 516 4014 p.
537 3945 594 3999 142.

173 4048 203 4114 4)
222 4045 294 4100 Nam
315 4048 428 4118 dplywr,
447 4048 596 4103 dummodo
616 4047 763 4103 delendum
781 4048 826 4114 sit,
844 4048 951 4105 librarii
972 4048 1060 4104 errori
1081 4049 1208 4108 debetur.
