2782 4554
773 232 810 295 18

213 409 387 492 agnomina
417 411 469 474 illa
498 411 676 475 debentur?
715 411 782 490 Ego
813 411 941 493 quidem
970 410 1058 475 haud
1084 413 1259 477 dubitarim
1289 413 1317 477 al

209 508 376 588 censere¹).
417 510 529 575 Tutius
550 511 634 574 enim
652 509 795 590 trilogiae
810 514 1036 590 argumentum
1052 512 1094 574 ab
1105 513 1316 577 unoPromet

209 609 338 692 pendet,
359 610 449 674 cuius
471 610 528 673 etsi
549 613 674 674 mutata
696 609 727 672 in
750 609 882 690 singulis
904 610 1018 674 tabulis
1032 612 1187 688 condicio,
1211 617 1246 676 at
1264 613 1317 677 ead

208 710 317 772 tamen
339 708 372 771 in
389 708 538 773 omnibus
554 728 691 789 persona
707 713 763 772 est.
804 709 963 772 Facillime
975 710 1070 790 igitur
1081 715 1186 793 potest
1199 712 1317 794 Aeschp

210 825 278 871 uno
306 807 408 872 indice
430 812 615 890 Προμηθέα
643 812 708 872 tres
744 807 868 873 tabulas
897 827 1029 871 vocasse
1057 810 1203 885 nondum
1234 813 1315 875 inter

210 909 368 988 tanquam
391 907 489 988 ampli
512 907 606 970 unius
628 907 780 971 dramatis
798 911 890 971 actus
906 907 1078 984 distinctas
1100 910 1158 972 nisi
1177 913 1221 974 ila
1234 911 1317 975 torta:

210 1009 247 1070 ut
268 1024 358 1070 mera
377 1005 431 1070 illa
450 1004 620 1082 adiectiva,
643 1006 675 1069 in
695 1006 836 1070 secunda
858 1005 971 1069 saltem
994 1026 1032 1071 ac
1053 1011 1156 1085 tertia,
1178 1011 1317 1074 titulose

209 1104 354 1185 cerent2).
396 1105 461 1170 Nec
484 1104 575 1169 facile
595 1105 687 1169 aliter
705 1109 801 1185 poeta
823 1109 957 1186 poterat,
980 1107 1036 1168 nisi
1059 1126 1137 1171 vero
1160 1111 1273 1172 eodem
1295 1110 1317 1173 Ρ

209 1204 326 1284 mathei
349 1205 477 1267 nomine
498 1205 530 1266 in
553 1204 654 1268 tribus
677 1205 824 1284 deinceps
845 1205 942 1267 titulis
966 1207 1099 1285 repetito
1121 1209 1263 1271 taedium
1284 1229 1317 1290 sp

209 1293 365 1367 tatoribus
387 1303 583 1384 pariturus³).
626 1302 719 1367 Certe
739 1322 1013 1385 supervacaneum
1035 1305 1164 1385 egisset,
1187 1308 1212 1369 si
1234 1309 1317 1371 uni<

210 1422 272 1486 que
306 1402 435 1467 fabulae
471 1406 592 1466 certum
631 1401 757 1467 titulum
786 1403 963 1477 indidisset;
997 1406 1091 1467 totius
1121 1406 1204 1469 enim
1237 1407 1317 1487 trilog

209 1521 310 1566 unum
326 1506 394 1566 erat
410 1505 646 1583 argumentum.
692 1502 793 1565 lmmo
810 1503 961 1583 quoniam
979 1505 1110 1568 omnino
1124 1506 1157 1568 in
1168 1501 1317 1570 inscribed

208 1601 323 1667 fabulis
350 1606 465 1684 poetae
492 1602 682 1665 brevitatem
710 1620 749 1665 ac
768 1591 1003 1682 simplicitatem
1032 1606 1131 1668 secuti
1159 1611 1244 1684 siml,
1269 1626 1317 1670 nor

209 1721 320 1784 perse
341 1702 407 1764 veri
429 1700 623 1765 simillimum
647 1704 711 1779 est,
739 1702 766 1763 ei
786 1689 980 1783 Aeschylum
1004 1704 1098 1766 etiam
1121 1704 1188 1782 bic,
1218 1711 1317 1788 quant

208 1799 339 1880 licebat,
368 1800 547 1865 studuisse?
587 1801 640 1865 An
668 1820 744 1865 vero
774 1805 869 1882 putas
889 1801 1036 1866 idoneam
1067 1804 1094 1865 ei
1116 1824 1248 1869 causam
1270 1807 1317 1870 tui

209 1919 266 1964 cur
293 1899 433 1979 singulas
461 1900 584 1965 fabulas
611 1900 752 1982 pleniore
780 1900 909 1964 nomine
933 1902 1127 1965 adornaret?
1170 1905 1257 1969 Licet
1279 1927 1317 1970 en

208 2001 294 2084 quod
333 2019 538 2083 nequaquam
577 2002 697 2063 certum
736 2003 799 2075 est,
836 2001 900 2062 iam
931 2003 1018 2081 prius
1049 2004 1160 2066 eodem
1191 2005 1317 2069 Prome!

209 2100 339 2165 nomine
376 2100 528 2180 inscripta
565 2099 700 2180 satyrica
728 2099 813 2161 edita
852 2100 959 2175 luerit,
997 2101 1131 2165 simulac
1161 2104 1303 2170 fabulam

207 2199 400 2264 Prometheo
426 2199 626 2262 instaurabat
647 2198 755 2280 ampla
776 2198 898 2278 trilngia
921 2201 1138 2282 tractandam,
1168 2204 1231 2268 iam
1256 2226 1317 2269 nen

207 2299 340 2363 dubium
365 2317 431 2362 esse
453 2300 598 2379 poterat,
630 2297 741 2390 quales
763 2298 795 2360 in
818 2317 856 2360 ea
877 2317 927 2360 res
947 2302 1141 2379 spectandae
1162 2308 1287 2380 essent,
1314 2324 1317 2367 1

206 2398 270 2463 iam
302 2395 459 2479 satyricae
487 2396 567 2460 illius
590 2396 739 2459 humilius
760 2400 984 2476 argumentum
1009 2400 1177 2481 quisquam
1199 2405 1317 2482 cogilal

207 2498 318 2579 ltaque
347 2515 419 2560 cum
450 2496 517 2577 ipse
545 2499 652 2576 poeta.
668 2495 901 2575 spectatoribus
928 2496 1128 2560 satisfecisset
1157 2503 1225 2563 tola
1250 2504 1317 2566 trilo

205 2595 266 2658 sub
294 2612 360 2658 uno
382 2597 587 2676 Προμηθέως
613 2595 741 2657 nomine
769 2592 870 2672 edita,
900 2597 1102 2675 posteriores,
1131 2616 1205 2662 cum
1228 2603 1317 2682 negle

204 2694 347 2775 trilogiae
397 2694 635 2757 continuatione
682 2692 824 2773 singulae
876 2693 938 2756 iam
993 2692 1119 2758 fabulae
1171 2697 1317 2778 legebant

204 2793 351 2858 certiores
386 2791 455 2856 illos
490 2792 609 2857 indices
636 2792 669 2855 in
699 2810 793 2856 usum
822 2792 1025 2857 adduxerunt
1055 2795 1227 2875 lectorum,
1261 2819 1302 2862 ne

203 2890 400 2974 singularum
432 2891 626 2973 argumentis
654 2891 862 2973 ambigerent.
917 2890 989 2969 Qua
1018 2894 1141 2957 ratione
1168 2897 1265 2961 etiam
1295 2898 1317 2962 il

201 2992 327 3074 planius
353 2991 559 3072 intellegitur,
588 2991 676 3072 quod
697 2990 877 3071 simpliciter
904 2992 1098 3072 Προμεθεύς
1119 2995 1286 3076 laudatur,
1314 3019 1317 3056 l

201 3096 304 3156 totam
326 3092 484 3172 trilogiam
507 3091 567 3154 dici
590 3089 753 3171 probabile
775 3091 860 3169 ese).

275 3280 303 3346 1)
322 3279 453 3347 Idemque
473 3279 630 3346 suspicatur
647 3278 801 3333 Wilamow.
820 3278 838 3331 l.
859 3277 877 3330 l.

269 3365 299 3432 2)
319 3364 363 3418 Sic
388 3365 461 3419 enim
487 3365 603 3420 fortasse
633 3364 695 3433 quis
720 3364 939 3434 intellegendum
963 3362 1085 3426 duxerit,
1116 3366 1188 3432 quod
1214 3366 1311 3419 Aesch.

202 3451 252 3505 203
278 3450 362 3505 schol.
387 3450 485 3506 Aesoh.
512 3451 602 3505 Prom.
622 3469 647 3505 v.
668 3451 701 3504 94
727 3455 753 3504 ἐν
778 3451 815 3520 τῷ
840 3454 959 3518 πυρφόρῳ
984 3447 1123 3501 laudatur.
1175 3450 1255 3506 Certe
1288 3453 1317 3506 de

201 3534 285 3590 edam
303 3535 385 3590 huius
404 3536 457 3590 loci
474 3537 571 3590 auctor
588 3537 679 3590 lotam
697 3535 839 3605 trilogiam
857 3535 887 3587 in
906 3533 1032 3587 manibus
1049 3533 1185 3590 habuisse.

269 3621 297 3688 d)
323 3621 473 3676 Incidimue
498 3621 550 3676 hoc
576 3621 635 3675 loco
660 3621 689 3675 in
717 3639 776 3675 earn
804 3619 994 3688 quaestionem
1018 3620 1052 3672 de
1079 3636 1135 3687 qua
1158 3620 1229 3673 nihil
1253 3638 1317 3690 usqu

199 3706 335 3760 traditum
349 3707 421 3776 lego,
440 3707 578 3774 quomodo
589 3708 771 3761 docendarum
786 3707 942 3759 tabularum
959 3705 1078 3770 nomina,
1097 3708 1247 3774 antequam
1262 3723 1317 3776 spo(

198 3791 262 3846 cula
279 3791 339 3861 ipsa
356 3792 523 3861 inciperent,
542 3793 572 3844 in
591 3794 778 3860 spectatorum
797 3792 926 3845 notitiam
948 3791 1062 3857 perferri
1081 3791 1163 3846 solita
1181 3793 1245 3858 sint,
1276 3797 1317 3848 uti

199 3895 248 3947 per
265 3895 429 3946 praeconem
451 3878 639 3948 pronunciata*
652 3895 687 3932 an
705 3877 734 3930 in
753 3871 857 3931 tabulis
876 3877 986 3945 publice
1006 3876 1065 3929 fixis
1085 3877 1273 3945 promulgata.

266 3964 297 4031 4)
315 3965 430 4019 Aristot.
444 3964 520 4020 Poet.
531 3983 554 4020 e.
567 3964 606 4018 18.
626 3965 643 4032 ἡ
661 3965 806 4036 τερατώᾶης
824 3963 894 4028 (soil.
908 3963 1057 4033 τραγῳδία),
1075 3955 1126 4013 οἷον
1157 3964 1189 4012 αἴ
1202 3985 1230 4015 τε
1250 3968 1317 4038 wopa

198 4052 238 4100 nol
255 4049 414 4120 Προμηθιΰς
437 4053 477 4101 καὶ
507 4050 552 4102 ὅσα
576 4054 602 4101 ev
621 4049 722 4119 ‘'Aidou3
749 4051 864 4103 fortasse
891 4049 973 4102 eliam
1002 4050 1033 4099 l'r.
1056 4047 1104 4100 17?
1121 4048 1218 4105 Galen.
1238 4050 1317 4105 vol]
