2782 4554
748 136 787 200 10

180 311 392 397 Φιλοκτήτης,
420 319 476 379 aut
506 335 636 396 prorsus
665 315 744 380 alius
771 313 882 379 titulus
906 313 1010 378 fuisse.
1053 314 1160 396 Atque
1188 317 1219 380 in
1246 336 1342 381 unam

180 411 323 475 fabulam
346 413 410 475 duo
432 411 511 475 haec
533 414 665 476 nomina
687 417 831 495 spectare
854 412 897 474 ita
922 413 1052 476 fortasse
1075 418 1193 494 putarit
1214 419 1296 499 quis,
1318 421 1345 481 ut

180 529 219 572 ea
241 528 261 572 a
283 510 444 572 veteribus
465 508 548 572 male
572 510 739 586 distracta,
772 511 803 571 in
826 528 925 573 unum
949 513 1109 594 duplicem
1131 515 1261 578 titulum
1285 517 1344 578 iun·

182 608 287 688 genda
307 608 379 672 sint.
424 605 538 670 Verum
563 627 602 670 nc
624 608 668 671 ita
690 609 761 686 fiat,
787 606 836 670 vel
858 609 924 687 ipse
947 613 1111 692 catalogus
1133 612 1300 692 prohibet,
1320 613 1345 674 in

182 724 247 787 quo
260 725 320 768 suo
343 712 515 786 utrumque
537 705 607 768 loco
628 706 781 787 scriptum
803 711 867 782 est3
892 727 968 771 nam
988 712 1081 772 ceteri
1103 710 1247 791 duplices
1266 711 1343 791 tituli,

180 822 261 884 quos
282 803 409 866 aliunde
432 801 589 880 novimus,
613 804 711 866 etiam
733 804 764 865 in
787 823 825 867 eo
847 805 932 885 pleni
955 809 1070 869 servati
1092 813 1177 871 sunt.
1222 809 1344 871 Accedit

181 899 268 981 quod
281 904 414 963 cunctos
427 918 490 975 eoS,
507 901 559 978 qui
570 899 711 981 duplices
722 901 880 981 dicuntur,
896 904 1097 985 aliquantum
1108 908 1274 985 suspectos
1289 925 1344 967 esse

181 998 262 1061 infra
274 1001 357 1079 (par.
374 999 424 1077 10)
436 997 613 1079 apparebit.
636 1000 679 1062 At
690 999 843 1063 alterutro
856 999 989 1065 tortasse
1001 1007 1068 1066 tota
1078 1001 1252 1066 didascalia
1262 1002 1345 1084 signi·
1364 986 1367 1011 ¹

182 1095 278 1160 ficata
292 1096 396 1172 luerit,
418 1095 576 1177 siquidem
599 1097 754 1158 nonnulla
771 1099 938 1162 nominum
961 1101 1058 1181 paria,
1082 1119 1173 1180 quae,
1200 1105 1343 1182 tanquan

183 1196 379 1260 diversarum
428 1194 611 1258 fabularum
653 1197 788 1273 luerint,
832 1197 864 1260 in
903 1200 1048 1278 catalago
1090 1200 1236 1262 seiuncta
1273 1203 1345 1274 sunt,

182 1296 226 1358 ita
249 1295 395 1357 videntur
417 1295 531 1359 codem
553 1299 713 1376 spectare,
741 1301 776 1358 ut
797 1295 898 1359 altero
920 1296 1064 1375 neglecto
1086 1295 1186 1359 altero
1211 1300 1281 1359 tota
1301 1296 1344 1359 tri·

182 1394 265 1474 logia
298 1393 346 1454 vel
382 1391 548 1472 tetralogia
586 1393 721 1455 dicatur.
770 1394 813 1456 At
850 1393 981 1456 omnino
1016 1397 1116 1455 totam
1147 1394 1343 1458 didascaliam

182 1490 375 1571 Aeschylum
407 1489 438 1552 in
470 1489 667 1552 Philoctetae
700 1491 794 1552 rebus
827 1492 1016 1572 impendisse
1050 1511 1258 1573 nequaquam
1291 1492 1345 1556 veri

181 1588 282 1650 simile
319 1590 366 1649 est
379 1586 411 1666 ¹).
462 1586 528 1650 lam
559 1587 651 1666 igitur
680 1606 781 1649 unum
815 1589 846 1651 id
877 1589 1084 1671 relinquitur,
1122 1596 1158 1653 ut
1188 1591 1276 1655 aliud
1306 1609 1345 1653 ar·

182 1688 372 1765 gumentum
394 1686 593 1766 anquiratur.
637 1683 701 1746 Nec
734 1685 824 1764 longe
852 1687 941 1749 abest
970 1687 1083 1749 nobilis
1106 1685 1159 1749 illa
1184 1689 1295 1751 fabula
1315 1687 1345 1750 de

183 1784 388 1864 Argonautis
402 1771 466 1863 'qui
489 1784 603 1845 nimiae
619 1782 757 1845 incuriae
771 1784 970 1864 indulgentes
981 1783 1180 1865 aliquamdiu
1191 1787 1222 1848 in
1235 1787 1345 1849 Lemno

184 1883 476 1946 commorabantur.
519 1882 626 1962 Atque
651 1899 722 1942 cunr
746 1882 777 1943 in
801 1901 839 1944 ea
861 1883 1017 1964 imprimis
1040 1883 1186 1948 mulieres
1205 1885 1346 1947 Lemniae

185 1983 355 2058 emineant,
395 1980 475 2044 sacili
513 1978 638 2041 medela
677 1979 821 2042 adhibita
857 1980 889 2042 in
929 1981 1073 2060 catalogo
1113 1980 1263 2063 Λήμνιαι
1300 2000 1346 2064 pro

184 2075 326 2157 Λήμνιοι
348 2079 519 2158 legendum
541 2096 607 2139 csse
627 2077 714 2157 quod
731 2079 874 2160 plerique
893 2079 954 2142 iam
975 2084 1113 2158 censent,
1139 2079 1217 2141 mihi
1228 2096 1346 2161 quoque

184 2176 349 2258 probatur.
394 2177 517 2239 'l'arnen
547 2181 774 2253 argumentum
805 2178 1000 2260 Aeschyleae
1029 2179 1124 2240 huius
1151 2177 1347 2257 aliquantum

183 2274 278 2337 debet
296 2293 316 2335 a
333 2272 513 2352 cognomini
530 2272 708 2354 Sophoclea
730 2277 891 2339 diversum
913 2277 1022 2349 l'uisse;
1046 2275 1112 2338 eius
1127 2275 1211 2336 enirn
1229 2293 1348 2337 summa

184 2373 246 2435 iarn
277 2372 308 2434 in
335 2369 546 2452 Aeschyleam
567 2370 753 2458 Ὑψιπύλην
782 2374 883 2451 cadit,
914 2375 939 2436 si
968 2377 1052 2437 recte
1075 2372 1243 2451 intellego,
1276 2391 1350 2454 quae
1385 2356 1389 2397 ³

182 2471 280 2535 tradit
300 2469 397 2534 schol.
420 2469 564 2551 Apollon.
588 2471 692 2534 Rhod.
718 2472 810 2551 1,769
833 2475 875 2550 (ν.
895 2469 1015 2534 Nauck.
1039 2470 1056 2532 l.
1077 2468 1095 2531 l.
1120 2491 1148 2551 p.
1172 2471 1213 2532 62
1233 2475 1264 2533 ct
1288 2470 1350 2544 171)

182 2565 233 2632 ὅτι
254 2570 291 2632 δὲ
310 2570 468 2652 ἐμίγησαν
491 2567 522 2631 οἱ
540 2569 743 2649 Ἀργοναῦται
761 2573 833 2651 ταῖς
852 2571 1014 2650 Λημνίαις
1031 2565 1210 2649 Ἡρόδωρος
1230 2567 1352 2649 ἱστορεί-

183 2670 219 2732 ἐν
252 2672 319 2742 τοῖς
349 2669 603 2749 Ἀργοναυινκοῑς.
662 2666 823 2747 Αἰσχύλος
857 2667 886 2729 δ’
917 2668 952 2728 ἐν
981 2664 1148 2754 Ὑψιπύλη
1178 2669 1212 2729 ἐν
1246 2665 1353 2739 ὅπλοις

186 2767 287 2850 φησὶν
308 2764 412 2837 αύτοὶς
433 2765 643 2839 ἕπελέλούσας
663 2768 904 2845 χειμαζομένοις
925 2766 1102 2844 ἀπείργειν,
1122 2775 1216 2845 μέχρι
1239 2767 1352 2847 λαβεῖν

186 2861 280 2947 ὅρκον
309 2866 387 2946 παρ’
410 2862 520 2928 αὐτῶν
545 2862 740 2946 α’ποβοίντας
765 2862 969 2949 μιγήσεσθαι
991 2865 1107 2936 αύταῖς
1131 2900 1167 2910 -
1191 2867 1357 2948 Σοφοκλῆς

187 2961 225 3023 δὲ
243 2962 277 3024 ἐν
299 2966 371 3035 ταῖς
388 2968 545 3046 Λημνίαις
567 2963 621 3026 καὶ
643 2962 754 3045 μα’χην
777 2963 914 3046 ίσχνροῖν
937 2960 1056 3035 αύτούς
1075 2961 1226 3048 συνάψαι
1245 2970 1355 3048 (μησίν.

187 3060 399 3143 Sophocleam
423 3069 453 3128 et
469 3064 672 3146 Euripideam
696 3065 900 3144 cognomines
921 3065 1043 3128 tabulas
1060 3085 1124 3142 eaS,
1147 3083 1285 3145 quarum
1310 3067 1358 3128 illa

188 3159 388 3241 aliquotiens,
411 3162 490 3225 hacc
513 3161 701 3244 plerumque
723 3159 855 3242 Σκύριαι
879 3167 1028 3239 vocatur,
1052 3184 1086 3226 re
1108 3183 1184 3227 vcra
1207 3168 1361 3244 Σκυρίους

189 3260 354 3342 inscriptas
384 3260 479 3325 luisse
505 3261 695 3342 pervulgata
722 3263 787 3325 iam
809 3261 916 3344 opinio
939 3260 1105 3341 videtum).
1149 3261 1196 3325 Ac
1217 3263 1360 3343 proiecto

191 3361 394 3443 Euripideam
423 3381 487 3429 non
511 3365 649 3442 Σκνρίας
677 3362 786 3438 luisse,
816 3360 864 3425 vel
887 3363 1113 3442 argumentum
1138 3361 1265 3425 videtur
1289 3383 1360 3445 per·

190 3460 342 3537 suadere,
373 3459 529 3541 siquidem
559 3460 619 3524 sub
647 3457 707 3523 hoc
737 3457 822 3523 chori
849 3459 979 3522 nomine
1001 3460 1231 3542 intellegendae
1255 3464 1360 3526 essent

192 3647 342 3715 Aeschylus
359 3647 392 3700 de
403 3646 517 3700 Lemnio
531 3647 686 3702 Philocteta
697 3647 815 3717 scripsit,
835 3650 994 3717 Φιλοκτήτην
1009 3666 1080 3717 quae
1096 3653 1266 3704 memoratur
1279 3651 1361 3705 fuisse

192 3735 236 3786 τὸν
254 3738 280 3786 ἐν
301 3738 395 3805 Τριλη;
422 3732 504 3788 huius
523 3733 596 3788 enim
615 3733 733 3787 noniinis
754 3734 905 3803 Sophoclea
923 3734 1044 3799 exstitit,
1063 3736 1233 3805 Aeschyleae
1251 3739 1360 3791 nullum

192 3821 283 3875 adhuc
300 3820 447 3890 vestigium
469 3821 613 3891 reperitur.
1005 3835 1007 3842 ’

267 3928 290 3994 l)
310 3925 397 3980 immo
415 3926 447 3980 cf.
468 3924 590 3980 Nitzsch.
627 3925 810 3996 Sagenpcesie
833 3926 880 3979 der
899 3924 1033 3980 Griechen
1049 3945 1074 3994 p.
1094 3927 1144 3979 614
1161 3944 1219 3994 sqq.

263 4032 291 4096 2)
311 4027 350 4082 Cf.
371 4028 527 4084 Wilamow.
546 4027 564 4082 1.
584 4028 603 4084 1.
622 4046 649 4098 p.
673 4028 735 4098 1383
755 4026 860 4082 Robcrt
878 4026 896 4081 l.
914 4026 932 4081 l.
951 4044 977 4096 p.
997 4027 1039 4092 34,
1057 4030 1116 4081 not.
1134 4029 1176 4084 40.
