2782 4554
677 217 718 281 26

110 393 256 459 conicere
269 394 433 459 voluerim.
465 393 640 470 Ὀδυσσεύς
650 396 736 460 enirn
748 395 844 461 index
853 393 970 458 furenti
981 398 1113 476 propter
1124 395 1290 462 maiorem

114 493 293 573 argumenti
305 493 501 559 nobilitatem
512 494 587 561 satis
601 495 736 559 idoneus
754 496 822 559 erat
835 512 892 556 seu
909 492 994 573 prius
1004 513 1061 557 seu
1072 498 1188 576 postea
1199 499 1288 562 acto.

175 592 280 655 Minus
307 592 384 673 quid
411 594 607 659 censendum
626 595 666 658 sit
686 593 726 658 de
748 593 888 656 eiusdem
915 592 1040 657 duabus
1062 597 1166 675 patet,
1199 614 1289 678 quae

115 710 135 755 a
164 690 318 772 Nauplio,
355 692 538 757 Palamedis
566 698 673 774 patre,
712 692 843 757 nomina
871 695 1082 774 aeceperunt,
1111 693 1291 769 Ναύπλιος

112 787 277 871 πορκαεύς
291 793 323 852 et
337 788 721 865 Narintrogaararrta‘or.
766 790 915 855 Plurimis
937 791 1020 855 enirn
1042 791 1073 854 in
1096 792 1184 873 locis,
1207 814 1284 860 curn

111 889 294 970 simpliciter
316 888 487 963 Ναύπλιος
516 891 679 968 laudetur,
709 893 781 955 utra
811 889 1023 969 intellegenda
1050 890 1090 955 sit
1112 895 1284 959 nescimus

113 989 178 1053 Nec
206 990 282 1055 satis
311 990 416 1055 adbuc
444 991 483 1054 de
506 991 705 1071 argumentis
728 992 862 1054 constat.
904 988 1028 1054 Tamen
1050 1010 1115 1055 non
1137 993 1285 1060 diversas

114 1089 195 1153 duas
224 1089 318 1152 tuisse
346 1089 516 1169 audacius,
550 1090 582 1152 ni
609 1089 716 1166 fallor,
745 1087 802 1151 viri
834 1088 916 1151 docti
944 1088 1143 1168 affirmant¹).
1197 1093 1282 1157 Nam

112 1189 209 1253 totius
229 1187 429 1268 Nauplianae
457 1187 585 1253 fabulae
612 1188 833 1268 exiguitatem,
867 1206 966 1268 quam
993 1190 1045 1252 vix
1068 1190 1195 1254 duabus
1218 1196 1283 1256 tra·

112 1287 229 1368 goediis
249 1287 407 1351 suffecisse
430 1288 558 1362 dicunt,
572 1307 679 1351 nonne
701 1290 796 1368 poeta
818 1287 945 1367 propria
958 1288 1098 1368 quadam
1119 1292 1284 1356 tractandi

111 1387 235 1451 ratione
263 1406 487 1467 compensasse
516 1390 642 1469 potest?
690 1386 756 1450 Nec
786 1388 889 1466 magis
919 1386 1000 1450 duas
1029 1388 1122 1451 unius
1150 1391 1283 1455 t‘abulae

112 1487 266 1550 editiones
286 1486 381 1549 tuisse
403 1488 555 1567 suspicari
578 1487 695 1566 licet²);
725 1505 830 1567 neque
851 1485 936 1549 enim
957 1487 1049 1564 signa
1069 1486 1100 1549 α’
1121 1494 1154 1551 et
1176 1489 1208 1568 β
1231 1491 1283 1554 vel

110 1585 222 1649 similia
245 1585 405 1660 deessent,
429 1603 513 1665 quae
535 1587 568 1651 in
590 1587 703 1650 ceteris
725 1585 838 1651 tabulis
860 1585 907 1649 bis
928 1586 1019 1649 editis
1040 1593 1161 1650 veteres
1184 1607 1282 1652 usur·

111 1688 239 1767 parunt.
286 1684 349 1746 Sed
377 1684 417 1746 de
446 1685 607 1757 adiectivis
635 1686 693 1750 illis
721 1685 797 1767 quid
828 1682 985 1765 placabili
1027 1685 1283 1760 Καοαπλέοοτος

110 1802 173 1847 vox
199 1783 330 1847 omniuo
360 1784 522 1863 quomodo
550 1788 633 1849 recle
662 1784 862 1865 intellegatur
889 1804 1003 1865 parurn
1033 1784 1170 1866 liquetssl.
1222 1787 1281 1851 Sin

111 1887 196 1946 reete
219 1882 379 1945 Nauekius
401 1883 462 1961 (ll.
482 1903 514 1963 p.
530 1885 601 1962 177)
623 1885 745 1948 censuit
766 1884 826 1947 dici
851 1903 889 1946 ea
910 1884 1091 1964 Nauplium,
1114 1887 1149 1947 ut
1174 1887 1282 1949 necati

112 1981 166 2047 filii
181 1981 223 2044 ab
234 1980 363 2044 Aeliivis
380 1981 534 2045 rationem
557 1984 742 2066 requireret,
763 1982 890 2047 Troiam
912 1987 1147 2063 properantem,
1169 1985 1281 2048 nescio

109 2101 151 2144 an
173 2082 205 2144 iu
225 2100 263 2142 ea
284 2082 481 2160 grammatici
503 2082 666 2145 cuiusdam
691 2102 804 2145 manus
822 2082 1025 2162 agnoscenda
1038 2081 1079 2145 sit
1099 2081 1206 2145 miuus
1224 2102 1280 2148 ac-

109 2182 218 2243 curate
229 2182 400 2258 genuinam
415 2180 500 2243 verbi
519 2181 678 2244 notionem
692 2181 900 2263 respicientia,
922 2185 968 2243 est
983 2181 1066 2243 enim
1081 2181 1279 2264 καταπλεῖν,

108 2279 134 2342 si
155 2279 317 2360 propriam
342 2280 582 2358 praepositionis
601 2278 687 2341 nord
706 2281 768 2343 vim
791 2284 946 2356 tenemus,
968 2279 1193 2358 herablabren,
1215 2283 1235 2345 i.
1250 2305 1279 2347 e.

109 2376 346 2455 heimfalnem).
380 2383 554 2458 Πορκαέως
571 2383 680 2441 autem
697 2398 856 2458 agnomen
868 2378 993 2442 videtur
1002 2397 1280 2460 supervacaneum

108 2476 219 2551 fuisse,
258 2477 414 2558 siquidem
453 2477 589 2541 nobilius
624 2478 692 2541 eius
727 2481 951 2557 argumentum
980 2476 1038 2539 fuit
1067 2477 1107 2540 de
1137 2477 1280 2561 Nauplio

108 2574 303 2637 Achivorum
341 2576 472 2639 classem
512 2577 674 2641 fallacibus
710 2577 806 2656 signis
843 2575 978 2640 incensis
1007 2576 1039 2638 in
1069 2576 1277 2656 naufragium

108 2673 292 2754 pellicientc.
336 2674 483 2737 Neutrius
505 2675 598 2754 igitur
623 2675 833 2738 additamenti
856 2694 985 2754 prorsus
1006 2678 1092 2739 certa
1117 2675 1198 2739 tides
1221 2685 1279 2743 est.

106 2771 221 2835 Utrum
242 2775 348 2835 autem
372 2772 574 2837 subditicium
592 2775 632 2836 sit
650 2792 782 2837 -nam
801 2775 988 2837 alterutrum
1007 2777 1090 2837 certe
1108 2777 1278 2854 posteriori

106 2869 234 2932 cuidam
265 2871 370 2933 deberi
398 2890 464 2935 non
493 2874 624 2952 negabis
646 2908 704 2948 -,
735 2891 800 2936 non
828 2872 898 2936 licet
928 2872 1113 2936 conicienda
1135 2877 1277 2956 assequi,

105 2972 205 3050 atque
232 2966 370 3048 graviter
404 2969 444 3033 de
472 2969 521 3033 bis
551 2970 577 3033 si
608 2971 648 3034 de
679 2970 749 3034 ullis
779 2969 962 3052 Sophocleis
988 2969 1103 3033 tabulis
1131 2975 1276 3037 veterem

107 3067 288 3148 catalogum
318 3066 446 3132 aliudve
476 3071 592 3133 certius
616 3070 831 3134 testimonium
854 3069 1079 3133 desideramus
1114 3106 1149 3114 -
1179 3071 1277 3137 Dubii

106 3167 202 3231 etiarn
225 3168 255 3231 in
273 3167 455 3248 Aeschyleis
469 3168 610 3250 Sisypbis
633 3170 837 3244 haesitamus,
861 3190 999 3253 quarum
1021 3190 1087 3235 una
1109 3174 1277 3251 tragoedia

104 3269 249 3346 Σίσυφος
266 3265 518 3350 asmantiam-ig
541 3274 587 3330 ter
607 3276 802 3333 memorator
824 3271 951 3351 (Aesch.
970 3273 1004 3334 sr.
1022 3274 1083 3336 229
1104 3272 1203 3335 schol.
1220 3275 1277 3339 Ar.

105 3364 179 3429 Par.
202 3386 231 3428 v.
254 3367 310 3445 73;
335 3367 371 3429 fr.
393 3366 454 3429 230
478 3366 552 3430 Hes.
579 3368 592 3430 1
616 3388 646 3449 p.
666 3370 760 3444 1758,
785 3369 882 3435 schol.
903 3370 1032 3434 Aristot.
1056 3370 1125 3434 uh.
1149 3372 1275 3439 Nicom.

176 3632 200 3696 1)
220 3629 325 3684 Welclr.
344 3630 426 3699 l'rag.
445 3650 470 3700 p.
491 3632 540 3684 184
559 3651 627 3700 sqq,
646 3633 769 3686 Dindorf.
791 3633 871 3701 Sopb.
892 3635 924 3689 t'r.
944 3651 969 3702 p.
989 3634 1046 3689 141.

172 3735 199 3793 2)
219 3735 295 3797 Quod
313 3733 469 3801 suspicatur
485 3734 609 3790 Diodori.
624 3736 641 3790 l.
661 3737 679 3789 l.

171 3837 197 3903 3)
219 3835 364 3890 Difficilius
392 3854 453 3890 earn
473 3837 578 3913 Welcku
601 3838 617 3890 l.
637 3838 655 3891 l.
677 3838 804 3892 lactitiae
831 3838 943 3893 notione
969 3839 1072 3908 accipit
1096 3840 1131 3894 de
1151 3841 1277 3912 Nauplio

104 3919 240 3975 efficiente
259 3926 291 3976 ut
310 3921 408 3976 Achivi
427 3920 456 3974 in
476 3940 543 3976 saxa
558 3924 701 3992 Carrharea
721 3942 805 3979 naves
824 3925 1006 3994 appellerent.

172 4027 199 4095 4)
222 4025 262 4079 Οἱ.
280 4026 327 4079 Ar.
344 4026 411 4080 Rau.
433 4045 458 4081 v.
479 4026 545 4080 1126
563 4043 622 4094 sqq.
