2782 4554
94 417 249 500 quamvis
271 417 414 482 diversae
437 434 592 498 personae
614 413 745 478 nomine
767 415 880 478 vocata
901 412 1017 491 erat1),
1046 411 1276 476 Dicaearchum

102 518 199 609 etiam
212 538 253 582 eo
262 516 460 598 processisse,
478 519 513 579 ut
523 533 653 596 prorsus
662 512 724 582 alia
734 511 965 592 significatione
978 510 1115 583 Αἴαντος
1126 509 1277 573 θάνατον

106 615 232 680 diceret.
277 615 366 694 Quae
398 615 493 680 nullo.
518 615 585 677 iure
612 612 785 676 Schoellius
813 612 847 691 (l.
868 612 887 675 l.
908 632 939 693 p.
964 612 1035 689 175)
1063 611 1170 689 reicit,
1202 630 1274 676 cum

111 715 236 785 Αἴαοτα
246 715 377 797 Λοκρόν
398 716 529 779 omnino
553 731 618 776 non
639 713 800 790 exstitisse,
822 712 877 775 sed
900 731 983 793 quae
1006 710 1066 774 sub
1087 710 1275 774 eonomine

110 815 286 892 traduntur,
310 834 343 878 re
364 834 439 878 vera
461 813 493 875 in
513 811 747 893 Ἀντηνορίδαις
769 812 887 892 scripta
908 811 1002 873 fuisse
1018 810 1092 873 inde
1104 809 1275 898 concludit,

114 914 192 995 quod
220 913 386 978 Locrensis
414 913 490 976 Aias
526 913 609 975 inter
643 930 698 974 eas
729 910 852 973 tabulas
881 910 1096 987 desideratur,
1123 894 1215 990 'quae
1241 909 1274 972 in

116 1013 233 1076 exordio
266 1012 347 1075 illius
378 1012 436 1075 loci
465 1013 522 1092 τῆς
547 1012 687 1092 Τρωικῆς
717 1013 941 1089 πραγματείας
970 1009 1067 1072 fuisse
1095 1008 1275 1086 traduntur,

118 1115 202 1193 atque
241 1111 328 1192 quod
363 1112 395 1173 in
425 1109 603 1172 didascaliis
631 1112 790 1190 superstes
819 1113 931 1171 nostra
958 1107 1039 1179 Αἴας
1067 1111 1178 1172 notata
1205 1108 1273 1171 fuit.

119 1209 335 1292 Praeterquam
359 1209 444 1272 enim
467 1209 553 1290 quod
576 1207 799 1287 ΔοκρόςΑἴας
820 1227 840 1270 a
861 1208 936 1270 satis
954 1206 1061 1270 multis
1078 1210 1110 1270 et
1123 1208 1273 1288 gravibus

118 1309 308 1390 scriptoribus
329 1308 493 1385 landatur,
515 1308 609 1389 quid,
631 1307 655 1369 si
678 1307 738 1370 ista
761 1300 933 1388 placerent,
956 1305 996 1368 de
1018 1306 1054 1368 iis
1074 1305 1150 1368 locis
1171 1305 1271 1382 fieret,

118 1407 162 1470 ubi
190 1427 263 1472 cum
298 1406 481 1489 simpliciter
512 1405 590 1477 Αἴας
620 1407 751 1484 citatur,
782 1405 946 1469 Locrensis
977 1404 1186 1485 intellegenda
1216 1410 1273 1485 est,

117 1508 178 1588 quia
192 1527 240 1584 ea,
263 1525 347 1588 quae
363 1511 540 1583 servantur,
560 1509 591 1568 in
602 1505 769 1586 superstite
782 1524 847 1568 non
860 1504 1032 1583 leguntur?
1055 1504 1162 1585 Atque
1177 1525 1273 1586 argu-

117 1606 203 1669 menti
218 1604 412 1669 itliusTroici
425 1608 545 1681 auctor,
567 1605 743 1685 quasivero
755 1608 886 1667 cunctas
902 1621 956 1666 eas
966 1602 1090 1666 fabulas
1104 1605 1272 1669 nominare

116 1705 252 1783 voluerit,
280 1724 364 1786 quae
393 1705 425 1769 in
447 1703 567 1767 Troicis
589 1703 683 1766 rebus
705 1704 888 1767 versantur!
933 1700 1045 1765 Omisit
1067 1702 1153 1764 enim
1174 1704 1270 1768 etiam

115 1804 196 1883 alias,
225 1823 306 1886 quas
333 1801 487 1866 exstitisse
514 1802 639 1865 scimus.
691 1802 755 1866 Sed
783 1801 993 1883 opinabatur,
1025 1801 1058 1863 ni
1086 1801 1195 1881 fallor,
1224 1804 1271 1867 vir

116 1903 254 1980 eximius,
284 1901 337 1965 ubi
365 1901 471 1982 plures
500 1899 642 1964 eiusdem
665 1901 801 1964 nominis
828 1900 955 1964 fataulae
978 1899 1124 1979 fuerunt,
1153 1919 1270 1965 unam·

115 2001 266 2084 quamque
294 2019 406 2064 earum
436 1999 581 2063 debuisse
603 2000 756 2082 ampliore
779 2000 870 2064 titulo
895 1999 1021 2081 signari.
1067 1999 1188 2075 Quodsi
1216 2021 1270 2065 ex-

113 2101 216 2165 stitisse
239 2101 428 2164 Locrensem
451 2103 592 2178 constat,
616 2100 646 2164 in
669 2100 736 2164 eius
758 2100 860 2164 indice
882 2099 1020 2162 debebat
1040 2118 1118 2163 sane
1140 2103 1271 2182 Λοκροῦ

115 2218 262 2280 agnomen
291 2219 355 2262 non
383 2199 569 2275 desiderari,
601 2199 676 2280 quia
698 2200 758 2263 sub
778 2218 844 2263 uno
865 2197 1001 2271 Αἴαντος
1022 2199 1151 2262 nomine
1174 2220 1269 2266 nemo

115 2317 169 2363 non
189 2299 295 2382 potius
305 2298 527 2362 Telamonium
549 2297 730 2379 cogitabat:
748 2300 859 2362 contra
871 2300 902 2361 in
914 2319 962 2377 ea,
985 2317 1083 2381 quam
1097 2318 1156 2362 nos
1168 2299 1268 2366 habe-

115 2413 186 2478 mus,
219 2416 345 2461 merum
365 2396 470 2461 Aiacis
500 2417 618 2461 nomen
647 2402 777 2479 propter
805 2398 958 2462 maiorem
981 2401 1136 2480 personae
1154 2401 1267 2464 nobili-

117 2496 198 2561 tatem
227 2497 305 2561 satis
333 2496 483 2559 idoneum
515 2498 600 2577 erat,
639 2516 703 2579 quo
729 2498 891 2579 inscriptio
920 2496 1107 2561 efficeretur.
1159 2499 1267 2581 Atque

117 2596 237 2660 endem
265 2595 349 2660 hanc
377 2595 419 2659 ob
446 2615 576 2660 causam
599 2596 638 2658 de
659 2596 804 2659 editionis
826 2601 971 2676 ternpore
993 2595 1036 2658 nil
1057 2616 1115 2677 ego
1138 2599 1266 2680 quidem

90 2742 93 2769 ,
118 2697 243 2760 mnicere
259 2695 372 2758 ausim
414 2693 536 2763 Tamen
557 2695 676 2775 optime
692 2695 782 2758 nobis
797 2696 945 2777 quadrat,
966 2697 1054 2776 quod
1064 2701 1265 2778 superstitem

118 2791 230 2859 Aiacem
261 2795 341 2857 inter
364 2793 482 2874 primas
505 2794 697 2874 Sophocleas
722 2794 906 2857 habendam
932 2814 999 2858 esse
1023 2795 1105 2860 aliae
1129 2798 1266 2862 rationes

118 2894 296 2971 persuadent
316 2893 348 2956 in
371 2893 468 2975 ipsius
491 2893 618 2957 fabulae
640 2896 755 2956 natura
775 2893 891 2972 sitaett.
1013 2898 1016 2903 '

181 3041 227 3106 De
253 3040 436 3105 Philoctetis
464 3040 607 3119 duabus,
634 3040 802 3123 superstite
829 3059 894 3104 una
924 3039 1135 3126 Φιλοκτήτης,
1166 3046 1266 3110 altera

119 3136 266 3222 deperdita
290 3136 487 3220 Φιλοκτήτης
508 3140 543 3201 ἑο
568 3143 685 3222 Τροίρι,
714 3144 857 3204 veterum
889 3141 1113 3206 adnotationes
1139 3145 1264 3211 desunt.

119 3237 476 3322 Atipsitituliclamant..
507 3239 619 3321 Neque
630 3241 712 3302 enim
726 3241 802 3314 eius,
824 3259 907 3322 quae
917 3247 1069 3323 superest,
1091 3244 1265 3323 pleniorem

119 3333 196 3403 tuisse
212 3340 351 3403 indicem
366 3339 431 3403 ullo
448 3339 578 3419 vestigio
597 3340 749 3420 proditur,
771 3345 803 3402 et
813 3339 943 3403 Troiani
956 3359 1115 3419 agnomen
1127 3344 1265 3423 plerum-

119 3520 293 3532 ῂ--ι

170 3637 195 3698 l)
214 3635 315 3702 Itaque
335 3634 409 3689 inter
428 3634 566 3687 Romanos
589 3633 682 3686 Livius
697 3632 876 3696 Andronicus,
895 3633 943 3700 qui
959 3632 1119 3702 Sophoclem
1137 3635 1263 3690 imitatus

118 3715 218 3775 ‚Aiacem
228 3720 455 3791 mastigoporum‘
469 3719 586 3789 scripsit,
606 3719 659 3772 iam
670 3718 835 3788 ampliatum
847 3719 1135 3787 Sophocleuefabulae
1148 3722 1261 3776 titulum

90 3818 94 3841 ³
117 3808 222 3860 noverat.

170 3936 195 4005 2)
216 3937 255 3990 Cf.
270 3937 396 3992 Dindorf.
411 3938 428 3992 l.
442 3938 459 3991 l.
470 3956 495 4006 p.
507 3940 552 4003 15;
569 3938 716 4008 Sophocles
734 3939 841 3994 erklttrt
859 3954 913 3991 ron
933 3937 1121 3993 Schneidewin
1139 3939 1162 3995 1.
1173 3939 1263 3993 Band-

113 4018 169 4075 ahen
188 4022 257 4077 Aias
272 4023 316 4080 ed.
334 4022 408 4082 VIII.
428 4041 456 4095 p.
477 4023 510 4076 63
529 4041 569 4096 sq.
