2782 4554
104 385 166 448 que
187 365 300 428 saltem
322 364 409 446 apud
429 368 551 428 veteres
572 367 734 428 servatum
754 364 842 444 est1).
882 365 993 446 ltaque
1008 367 1171 446 superstes
1194 365 1273 446 prior

107 465 192 530 edita
214 464 316 541 fuerit,
338 464 498 528 Troianus
520 467 628 529 autem
650 466 721 546 post
738 463 881 546 eluas,
902 483 968 545 quo
989 483 1076 528 anno
1098 463 1188 526 illam
1211 483 1273 544 pro

109 565 191 628 disse
213 566 338 628 constat
359 561 441 644 (arg.
467 563 566 646 Soph.
587 561 729 644 Phar).
769 562 917 627 Ceterum
940 562 1147 626 memorabile
1170 565 1230 640 est,
1251 561 1273 625 ir

109 666 299 744 argumento
327 662 422 743 priori
444 661 641 726 Philoctetae
671 662 868 744 praescripto
895 661 1015 725 nullam
1036 661 1167 725 alterins
1193 680 1273 732 men·

109 762 229 847 tionem
248 759 326 837 fieri,
349 760 527 824 cuiusmodi
544 761 576 824 in
589 761 739 827 Aiacibus
756 765 788 825 et
804 760 933 844 Oedipis
951 781 1017 825 non
1035 761 1132 825 deest.
1177 762 1272 825 Unde

110 860 168 924 nisi
190 842 274 924 forte
291 877 329 923 ea
347 859 499 940 temporis
517 860 630 924 iniuria
649 860 819 938 intercidit,
842 860 988 941 colligere
1005 860 1117 938 licebit,
1140 880 1180 924 eo
1201 865 1273 925 tem·

109 979 197 1041 pore,
219 974 284 1040 quo
304 956 553 1038 Sophoclearum
571 959 754 1025 fabularum
778 959 929 1035 delectus,
953 980 1048 1042 quem
1073 979 1132 1024 uos
1156 961 1273 1042 accepi

111 1077 199 1134 mus,
228 1075 294 1121 una
321 1074 395 1119 cum
425 1058 604 1138 praemissis
626 1059 808 1121 summariis
829 1058 1072 1139 instituebatur,
1103 1057 1273 1123 Troianum

110 1157 322 1220 Philoctetam
345 1157 475 1219 omnino
500 1157 563 1220 iarn
584 1175 649 1220 non
672 1157 834 1220 exstitisse.
1244 1154 1245 1158 ’

194 1254 293 1319 Certis
335 1255 384 1318 his
422 1255 573 1336 exemplis
611 1249 702 1337 'quod
744 1256 895 1319 volumus
934 1255 1160 1332 confirmatur,
1200 1258 1273 1321 inter

111 1355 314 1436 cognomines
341 1353 468 1417 fabulas
496 1356 634 1436 priorem
665 1360 750 1419 certe
771 1355 867 1418 fuisse
890 1375 978 1419 mero
999 1356 1129 1418 nomine
1155 1360 1273 1438 proprio

114 1455 249 1537 inscript·
266 1474 308 1517 m.
352 1453 418 1515 lam
441 1455 625 1536 ceteroquin
637 1456 802 1518 videamus
824 1458 983 1536 quatenus
1004 1455 1085 1516 haec
1106 1452 1157 1517 lex
1170 1457 1274 1519 valeat.

112 1558 218 1635 Atque
237 1553 320 1616 duae
331 1551 524 1633 Aeschyleae
536 1552 646 1617 Glauci
657 1554 858 1629 exstiterunt,
881 1552 1128 1634 quaestoriam
1151 1550 1273 1625 πόντιος

113 1648 615 1724 οῑΓλαῦνοςΠοινιεόςουᾱίιιηῑ.
638 1650 729 1729 Quae
738 1655 770 1714 et
780 1653 864 1716 hanc
873 1651 1174 1733 praebentnobilem
1185 1674 1273 1735 quaa-

114 1753 259 1830 stionem,
283 1754 355 1814 utra
375 1769 486 1815 carum
508 1751 541 1814 in
560 1752 903 1832 argum.Aesch.Pers
923 1751 1136 1830 intellegenda
1157 1753 1207 1829 sil,
1228 1752 1274 1816 ubi

30 1904 34 1908 .
114 1850 205 1914 tertia
227 1849 292 1914 eius
315 1849 504 1913 didascaliae
527 1852 664 1915 traditur
683 1851 829 1923 Γλαῦκος
852 1851 955 1925 fuisse,
978 1853 1009 1912 et
1030 1848 1127 1927 illam,
1151 1850 1273 1922 πόντιος

116 1954 221 2015 utrum
243 1949 380 2030 satyrica
402 1969 443 2012 an
465 1951 631 2031 tragoedia
658 1951 761 2014 fuerit.
806 1952 854 2014 Ac
876 1949 976 2012 sciens
998 1948 1038 2010 de
1059 1948 1120 2013 hac
1142 1970 1177 2014 re
1199 1946 1273 2033 quae

27 2120 33 2129 „
93 2096 96 2101 -
115 2049 173 2112 viri
195 2048 278 2112 docti
300 2047 516 2129 disceptarunt
540 2049 722 2129 singillatim
740 2052 913 2112 retractare
932 2047 1164 2128 supersedeor).
1211 2051 1273 2114 Dili·

114 2152 225 2227 genter
257 2149 364 2209 aulem
390 2149 497 2211 omnia
525 2149 684 2229 reputanti
717 2148 779 2211 iam
804 2148 938 2211 dubium
960 2166 1026 2210 esse
1049 2148 1176 2228 nequit,
1207 2150 1273 2231 quir

113 2247 146 2308 in
170 2246 222 2309 illo
242 2245 311 2309 loco
334 2265 372 2309 eu
391 2246 537 2319 Γλαῦκος
559 2247 694 2324 dicatur,
718 2267 801 2329 quae
823 2246 1130 2328 alioquinstarixoc
1152 2245 1273 2320 πόντιος

116 2347 273 2431 νοεοιίυν.1
302 2344 386 2424 Ergo
405 2345 437 2408 in
461 2346 649 2422 didascaliis,
671 2366 710 2410 ex
733 2347 849 2427 quibus
872 2346 922 2409 ille
940 2346 1093 2426 originem
1106 2344 1224 2425 babet,
1247 2368 1273 2412 ea

115 2443 175 2508 sub
203 2462 269 2506 uno
297 2443 406 2509 Glauci
431 2445 561 2509 nomine
590 2447 707 2525 scripta
737 2445 804 2508 fuit.
848 2446 899 2508 An
930 2447 1023 2525 putas
1052 2464 1122 2508 eam
1151 2448 1273 2511 certiori

116 2543 219 2607 indice
256 2543 404 2622 eguisse?
454 2543 567 2608 Marini
600 2543 686 2607 enim
717 2542 828 2608 Glauci
860 2544 965 2606 fabula
994 2545 1120 2608 videtur
1149 2547 1273 2611 nobilio

116 2641 256 2721 fuisse⁴),
294 2646 392 2723 atque
421 2644 453 2706 in
490 2663 578 2707 mero
607 2644 719 2706 Glauci
748 2643 880 2706 nomine
909 2643 961 2706 vix
989 2647 1111 2707 ceterae
1142 2646 1273 2711 eiusden

186 2874 214 2936 1)
233 2873 379 2929 Omittitur
400 2880 427 2928 ἐν
449 2879 528 2944 Τροίᾳ
549 2875 630 2944 Soph.
650 2875 683 2927 fr.
702 2875 752 2928 631
777 2875 853 2929 Stob.
879 2875 936 2931 flor.
957 2877 1048 2941 120,7;
1066 2876 1099 2929 fr.
1116 2876 1168 2929 633
1187 2881 1218 2930 et·
1237 2879 1273 2932 63Ἰ

117 2959 180 3012 Hes.
200 2961 224 3016 1.
243 2978 269 3027 p.
284 2961 350 3017 1030
368 2964 397 3016 et
415 2961 490 3015 1037.

186 3049 214 3110 2)
234 3045 332 3100 Nescio
363 3046 463 3115 quibus
490 3043 664 3114 argumentis
688 3043 763 3098 nisus
790 3045 901 3101 Wilam.
921 3048 939 3102 l.
959 3048 978 3102 l.
1003 3047 1094 3103 client:
1125 3046 1273 3117 »Sophocli

117 3128 299 3184 Philoctetam
317 3131 369 3185 409
388 3131 497 3185 doctam
513 3133 573 3199 post
583 3129 769 3184 Philoctetam
785 3130 814 3184 in
826 3132 907 3186 Troia
922 3129 1104 3199 conscriptam
1123 3147 1184 3185 esse
1204 3132 1272 3204 long

118 3215 397 3284 probabilissimum«.

186 3302 213 3369 3)
233 3302 271 3355 cf.
294 3300 431 3370 imprimis
452 3312 524 3366 quoe
549 3297 577 3352 E.
602 3299 627 3351 d.
652 3299 772 3355 Leutsch
795 3301 905 3355 disserit
929 3301 959 3354 in
986 3300 1092 3355 Erschii
1118 3304 1147 3355 et
1168 3303 1273 3358 Gruber

119 3387 334 3456 encyclopaedia
354 3384 492 3454 (Halensij
510 3402 530 3439 s.
544 3402 568 3438 v.
589 3384 750 3439 ›Glaucnsc
780 3386 876 3453 Neque
895 3387 967 3440 enim
983 3389 1056 3441 stare
1071 3391 1196 3456 possunt,
1215 3407 1273 3456 qua

120 3474 155 3530 ad
171 3473 401 3542 comprobandam
420 3471 565 3540 satyricam
586 3478 692 3522 πινιίου
713 3474 843 3525 naturam
867 3473 985 3527 maxime
1004 3492 1021 3526 a
1040 3473 1108 3527 God.
1125 3472 1272 3527 Hermann

118 3562 147 3614 in
166 3557 300 3629 peculiari
313 3556 503 3626 disputatione
518 3555 623 3626 scripta
636 3557 670 3610 de
684 3557 813 3625 Aeschyli
828 3558 940 3612 Glaucia
952 3558 980 3611 in
996 3576 1086 3627 opusc.
1101 3557 1136 3611 ΙΙ.
1149 3576 1176 3628 p.
1186 3561 1273 3629 59sqr

118 3644 243 3715 protulit.
283 3646 322 3697 Ac
340 3649 444 3696 πόντιον
463 3643 634 3715 tragoediam
660 3643 743 3696 fuisse
767 3643 858 3696 nescio
885 3662 922 3697 an
948 3644 1079 3714 colligere
1097 3643 1183 3697 liceat
1202 3647 1273 3700 etiar

119 3750 153 3786 ex
165 3732 281 3784 Pausan.
297 3730 382 3794 9,22,7
403 3731 514 3797 Λίοχόλῳ
531 3730 558 3780 di
577 3731 618 3780 ucri
634 3732 659 3788 ἐς
677 3735 778 3796 ποίησιν
798 3729 927 3799 δράματος
946 3731 1072 3800 ἐξήρκεσεν
1085 3731 1153 3799 (scii.
1165 3731 1273 3788 Glauci]

118 3815 336 3880 Anthedonius),
363 3813 412 3866 ubi
436 3813 510 3866 verbi
540 3817 667 3884 ἐξήρκεσεν
695 3813 772 3867 notio
799 3814 844 3867 vix
873 3818 932 3869 tota
956 3815 1134 3880 exhauritur,
1169 3818 1224 3870 nisi
1256 3821 1273 3874 d

119 3900 253 3970 ampliore
270 3897 430 3967 tragoediae
447 3902 612 3966 argumento
628 3899 811 3968 intellegitur.
998 3885 1006 3895 “
1035 3900 1046 3913 ”

187 3987 214 4060 4)
235 3986 274 4045 cf.
298 3984 473 4044 caesareas
492 3985 614 4048 cranaos
632 3985 680 4038 aar
698 3985 837 4060 ueergoa
855 3984 918 4041 aas.
937 3984 1012 4041 eutr.
1031 3967 1108 4045 lesa
