2782 4554
697 228 740 292 to

170 404 311 469 fabulam
346 403 467 480 ederet,
504 424 577 469 cum
613 407 758 486 quamvis
785 410 992 472 retractatam
1024 416 1265 496 mutatamque,
1305 421 1339 480 at

171 504 307 568 eandem
329 508 437 566 tamen
460 504 600 568 edebat?
645 504 752 585 Atque
770 507 855 587 quod
882 511 1071 574 retractatas
1094 511 1217 576 tabulas
1238 533 1342 579 novas

172 603 389 684 inscriptiones
413 603 568 683 accepisse
588 604 680 666 certis
701 605 887 668 testimoniis
899 607 1044 687 traditur,
1068 610 1134 691 ipse
1147 612 1340 678 Ritscbelius

174 705 220 784 (p.
245 700 320 781 nn)
350 719 413 764 non
443 701 540 764 modo
566 703 702 765 'dubium
732 723 799 766 esse
829 705 918 781 dicit,
948 710 1053 770 utrum
1077 709 1134 791 ipsi
1158 715 1274 792 poetae
1297 734 1339 778 an

173 801 362 882 posteriores
383 801 581 879 grammatici
604 820 658 864 eas
680 802 834 879 dederint,
857 823 968 867 verum
990 807 1085 869 etiarn
1109 813 1230 871 certum
1252 811 1340 874 testi·

164 898 318 977 ‚monium
339 897 439 976 affert,
462 917 526 979 quo
548 899 701 978 probetur
718 904 943 979 grammaticos
959 904 1091 982 dedisse,
1113 907 1156 970 ita
1176 913 1213 971 ut
1230 917 1341 993 aperte

172 998 239 1078 ipse
269 994 392 1057 refellat
421 995 509 1076 quod
538 997 648 1077 paucis
677 1002 771 1060 antea
801 1001 1019 1064 contenderat.
1068 1002 1119 1065 Sic
1147 1004 1243 1084 igitur
1275 1011 1338 1072 iarn

174 1093 229 1156 tibi
258 1092 450 1173 persuaseris
472 1112 538 1155 rem
561 1111 594 1157 se
618 1094 749 1157 babere:
779 1095 865 1160 Idem
889 1100 1054 1180 utriusque
1077 1101 1221 1166 editionis
1243 1105 1340 1171 index

174 1194 253 1267 erat,
274 1190 306 1252 id
327 1189 412 1270 quod
434 1189 677 1254 luculentissime
692 1193 860 1274 Euripidea
872 1194 1061 1277 Hippolytus
1083 1197 1186 1276 docet,
1209 1202 1339 1268 litterati

174 1309 267 1366 vero,
298 1294 333 1352 ul
359 1290 530 1369 legentium
553 1289 658 1353 studio
680 1291 881 1367 inservirent,
912 1295 1051 1372 genuino
1072 1298 1193 1361 nomini
1218 1320 1337 1367 novum

173 1391 302 1475 aliquod
338 1389 591 1469 supposuerunt;
627 1387 687 1450 hoe
720 1392 829 1451 autem
859 1391 940 1453 lacto
972 1410 1046 1454 curn
1077 1393 1141 1456 duo
1170 1395 1339 1481 ferrentur,

173 1489 316 1574 paullum
347 1485 489 1548 relictum
532 1487 609 1560 erat,
647 1488 683 1547 ut
723 1504 761 1548 ea
800 1487 831 1548 in
876 1506 976 1550 unum
1016 1488 1176 1570 duplicem
1210 1496 1337 1563 titulum

174 1588 389 1669 iungerentur.
452 1582 564 1663 ltaque
607 1581 718 1644 melius
762 1583 801 1645 de
843 1583 935 1646 nobis
974 1585 995 1646 ii
1035 1597 1238 1670 meruerunt,
1284 1598 1337 1678 qui

173 1687 360 1769 alterutrum
384 1682 520 1755 tanturn,
540 1698 637 1760 quam
661 1680 714 1760 qui
737 1684 909 1762 utrumque
933 1691 1162 1764 memorarunt,
1186 1709 1245 1754 nec
1265 1694 1338 1772 iarn,

174 1782 261 1865 quod
289 1778 427 1843 antehac
457 1776 668 1856 putabamus,
699 1796 737 1840 ea
764 1779 924 1859 duplicum
954 1780 1116 1858 titulorum
1139 1786 1186 1848 vis
1208 1793 1273 1866 est,
1302 1797 1339 1854 ut

173 1883 238 1962 ipse
267 1882 360 1958 poeta
392 1874 518 1937 tabulae
549 1892 708 1937 summam
737 1895 835 1955 quarn
863 1881 1033 1943 certissime
1055 1883 1189 1945 voluerit
1214 1889 1339 1965 specta-

173 1977 294 2042 toribus
320 1974 476 2047 indicarc‚
505 1971 561 2034 scd
589 1992 623 2034 re
643 1991 719 2036 vera
741 1974 835 2036 etiarn
859 1978 950 2039 nobis
972 1979 1129 2043 dubitatio
1149 1980 1341 2063 relinquitur

173 2077 324 2157 optioquc
346 2073 452 2145 datur,
473 2073 544 2130 uter
566 2068 660 2130 index
682 2071 720 2131 sit
741 2089 832 2132 verus
857 2072 1033 2138 habendus.

255 2173 333 2236 Uter
355 2170 463 2233 autern
485 2167 523 2228 sit
546 2167 569 2227 si
591 2167 727 2246 quaeris,
748 2169 801 2230 vix
817 2170 993 2252 quidquam
1016 2193 1054 2236 ex
1072 2177 1216 2237 veterum
1235 2176 1339 2238 diver-

173 2272 294 2333 sissima
317 2264 470 2330 laudandi
490 2265 613 2328 ratione
636 2263 782 2326 extricari
804 2269 928 2345 poterit.
972 2270 1036 2334 Nec
1049 2273 1092 2335 ita
1104 2290 1172 2334 rem
1182 2272 1338 2351 absolves

173 2372 208 2431 ut
229 2368 271 2444 ei,
294 2366 348 2446 qui
371 2363 508 2445 priorem
531 2361 632 2424 locum
655 2364 752 2438 tenet,
775 2362 909 2426 alterum
935 2368 1020 2430 dicas
1042 2368 1239 2448 adscriptum
1261 2389 1339 2435 esse.

172 2466 234 2528 Sed
266 2463 342 2526 illud
375 2460 540 2541 respicias,
581 2457 667 2539 qupd
697 2457 785 2520 chori
813 2479 930 2526 nomen
964 2483 1028 2527 non
1056 2465 1158 2527 solum
1186 2467 1340 2547 scriptum

172 2562 285 2642 legitur
322 2561 354 2621 in
390 2558 539 2621 omnibus
571 2557 610 2620 de
642 2555 757 2635 quibus
788 2575 884 2638 supra
912 2561 1064 2638 vidimuS,
1100 2580 1212 2624 rerum
1242 2566 1338 2634 etiarn

174 2659 363 2740 plerumque
404 2656 515 2717 saltem
561 2656 689 2734 propter
725 2653 879 2717 maiorem
920 2659 1172 2722 testimoniorum
1213 2663 1339 2743 copiam

127 2795 129 2800 -
174 2759 313 2837 praestat
341 2753 367 2816 ei
398 2751 478 2814 tituli
508 2753 642 2826 tonnae,
684 2771 748 2831 qua
781 2752 948 2830 singularis
978 2757 1163 2819 nominatur
1191 2768 1339 2838 persona.

173 2854 281 2934 Atque
328 2850 416 2913 chori
464 2868 581 2913 nomen
633 2850 729 2911 etiam
780 2849 838 2928 ipsi
887 2854 1000 2930 poetae
1049 2854 1148 2934 magis
1198 2855 1340 2921 debebat

173 2944 320 3030 placere,
367 2950 518 3028 quoniam
562 2948 692 3010 chorum
744 2948 774 3009 in
830 2947 921 3010 titulo
963 2949 1131 3028 significari
1173 2959 1341 3033 specta·

173 3051 307 3109 torum
337 3047 505 3123 intererat,
541 3047 572 3108 id
609 3045 696 3127 quod
727 3045 808 3106 infra
838 3045 893 3107 tibi
925 3047 1132 3126 persuadebis
1162 3050 1249 3130 (par.
1276 3051 1339 3129 14).

174 3146 273 3227 Atqui
299 3144 386 3208 clrori
407 3162 525 3206 nomeu
548 3143 618 3222 plus
645 3141 742 3203 habet
763 3141 873 3203 incerti
898 3143 939 3205 ad
963 3140 1091 3205 tabulae
1111 3151 1341 3224 argumentum

175 3244 379 3306 indicandum
412 3261 509 3323 quarn
544 3242 710 3320 singularis
741 3258 910 3322 personae;
954 3244 1048 3305 huius
1086 3246 1171 3307 enirn
1208 3248 1342 3311 nomine

175 3343 285 3405 audito
314 3341 354 3404 de
381 3360 510 3404 summa
539 3340 667 3421 quidem
699 3340 826 3403 fabulae
853 3340 955 3420 qualis
983 3345 1128 3421 ageretur
1156 3344 1221 3406 iarn
1244 3358 1342 3409 nenio

174 3443 300 3520 poterat
325 3438 440 3501 dubius
462 3458 529 3501 esse
552 3458 610 3501 nec
629 3457 688 3500 nos
707 3439 746 3500 de
766 3458 803 3500 ea
821 3438 1020 3517 ambigimus.
1056 3439 1168 3521 ltaque
1179 3441 1238 3503 nisi
1251 3444 1342 3522 gravi

174 3559 279 3602 errore
300 3538 474 3620 praepediti
497 3557 621 3616 sumus,
653 3541 687 3598 ut
710 3537 941 3600 lectoribus
962 3538 1089 3601 fabulae
1111 3544 1342 3619 argumentum

174 3637 395 3700 ostenderetur
419 3636 450 3697 in
474 3635 564 3697 tilulo
581 3654 678 3716 quarn
693 3640 819 3715 poterat
828 3634 1011 3716 planissime
1022 3636 1227 3715 delineatum,
1253 3637 1342 3700 chori

174 3735 293 3796 nomini
315 3735 502 3814 posteriores
525 3734 709 3814 primariam
728 3752 896 3813 personam
912 3734 1153 3812 substituerunt,
1176 3734 1228 3796 alii
1244 3736 1344 3798 etiam

174 3833 367 3894 adiecerunt.
409 3833 461 3893 An
490 3851 566 3893 vero
594 3832 718 3892 inversa
746 3830 870 3893 ratione
893 3832 1048 3911 opinaris,
1077 3833 1119 3894 ita
1141 3851 1342 3914 quemquam

176 3929 308 3991 voluisse
334 3928 503 4007 legentium
533 3928 638 3990 studio
660 3928 824 4004 inservire,
862 3934 907 4009 ut,
936 3933 960 3992 si
986 3933 1027 3993 ab
1056 3930 1145 3992 initio
1172 3929 1344 4009 singularis

176 4026 419 4105 per·sona,velut
431 4028 588 4103 Μέμνων,
600 4027 707 4087 luisset
722 4027 881 4107 inscripta,
900 4048 956 4109 pro
972 4049 1009 4091 ca
1025 4027 1190 4092 obscurius
1206 4029 1345 4106 poneret
