2782 4554
676 240 712 305 31

113 436 175 482 rem
195 418 334 502 quaeris,
355 438 422 484 una
439 420 487 483 ris
501 438 565 483 non
582 419 612 483 in
631 421 781 497 carmine,
801 420 857 482 sed
868 421 899 483 in
911 421 1035 485 actione
1046 421 1102 485 luit
1113 424 1168 497 ita,
1188 427 1224 486 ui
1236 425 1278 488 ab

115 522 218 583 actore
233 538 272 583 ea
282 538 340 602 per
351 522 459 600 gestus
471 523 658 601 motumque
672 520 810 601 corporis
822 521 1032 601 spectantium
1044 521 1142 584 oculis
1153 523 1277 588 subice-

116 622 207 703 retur.
237 618 377 683 Alterius
398 638 475 682 vero
497 620 669 700 agnomina
692 623 872 702 στεφανίας
891 623 922 682 ei
942 621 1193 702 στεφανηφόρος
1212 638 1277 686 non

118 718 211 781 solum
234 737 273 782 eo
295 719 527 800 improbantur,
551 718 638 800 quod
659 718 723 781 duo
737 720 831 782 unius
850 719 975 783 tabulae
993 720 1144 797 teruntur,
1167 741 1277 785 verum

120 818 206 882 eliam
227 819 375 882 notiones
396 834 505 882 corum
527 822 638 899 aperte
660 819 688 881 ei
709 820 754 881 rei
776 822 964 900 repugnant,
988 839 1085 901 quam
1102 821 1279 900 significare

121 918 231 982 volunt.
282 918 337 981 nst
371 917 455 981 enim
494 916 745 1000 στεφανηφόρος
779 919 854 981 item
890 938 928 982 ac
961 923 1142 1000 στεφαοίας
1168 920 1280 983 Latine

121 1018 284 1094 mroniier,
306 1021 493 1095 coronatus,
514 1016 603 1109 quod
626 1016 716 1081 facile
738 1018 883 1097 exempla
903 1019 978 1082 satis
999 1019 1100 1082 multa
1122 1018 1280 1101 docent¹)‚

123 1115 302 1201 Hippolytus
324 1120 432 1180 autem
453 1115 595 1197 procedit
612 1115 702 1197 (llur.
720 1116 814 1198 Hipp.
837 1136 866 1180 ν.
887 1118 927 1180 73
943 1117 1026 1199 sqq.)
1051 1136 1115 1181 non
1138 1119 1204 1199 ipse
1226 1137 1280 1181 co·

122 1234 191 1280 rona
212 1216 392 1293 decoratus,
420 1216 475 1279 sed
505 1234 658 1279 coronam
687 1234 796 1278 secum
824 1220 956 1297 portans
984 1216 1103 1280 Dianae
1131 1217 1280 1281 dedicam

122 1314 201 1391 dam;
218 1314 277 1379 nisi
290 1315 377 1378 enim
391 1315 433 1379 ab
450 1334 488 1404 ea
504 1334 599 1379 scena
611 1315 783 1395 agnomina
794 1315 873 1380 haec
886 1316 986 1397 petita
997 1334 1066 1379 esse
1075 1314 1280 1397 nequeuntssi.

122 1413 222 1498 ltaque
251 1414 342 1497 quod
373 1434 430 1497 per
460 1434 492 1478 se
515 1414 609 1495 longe
637 1413 916 1478 verisimillimum
938 1419 994 1495 cst,
1024 1415 1086 1478 iam
1114 1434 1170 1497 pro
1192 1419 1279 1478 certo
1364 1430 1367 1436 ’

121 1513 490 1595 aifirnrarelicet,alle1i
515 1513 644 1577 editioni
664 1512 846 1596 Euripidem
879 1514 951 1578 item
980 1535 1017 1578 ac
1040 1515 1131 1596 priori
1154 1532 1278 1578 merum

121 1613 276 1698 Hippolyti
298 1632 416 1678 nornen
437 1613 638 1695 inscripsisse.

630 1812 700 1885 par.
723 1801 755 1867 9.

193 1936 430 2017 Cognominum
457 1933 639 2000 tabularum
664 1953 780 2014 agmen
803 1954 912 1999 earum
935 1954 1010 2014 grex
1033 1932 1165 2008 claudit,
1196 1952 1279 2014 quae

119 2054 184 2099 cum
207 2035 349 2100 uulneris
371 2033 404 2113 α’,
426 2033 548 2117 πρώτη,
569 2040 714 2114 προτέρα
736 2035 768 2095 et
788 2032 829 2112 ff,
851 2033 990 2114 δευτέρα
1014 2033 1094 2095 iulet·
1115 2050 1148 2092 so
1171 2030 1279 2093 distin-

119 2136 253 2210 guantur
281 2152 341 2197 nec
366 2134 431 2198 ullo
462 2133 592 2212 vestigio
622 2133 747 2196 diversa
776 2132 841 2195 duo
869 2133 1059 2210 argumenta
1089 2129 1180 2191 luisse
1205 2147 1280 2209 pro·

118 2230 217 2309 datur,
238 2230 287 2293 bis
307 2231 411 2295 editae
430 2251 498 2295 esse
521 2229 613 2295 nobis
635 2229 798 2310 putandae
819 2233 904 2293 sunt.
947 2229 1016 2292 Hoc
1039 2230 1147 2289 autem
1170 2245 1225 2306 per
1246 2245 1280 2288 se

68 2328 71 2353 ³
119 2331 213 2409 patet,
235 2328 328 2407 signa
348 2328 400 2392 illa
423 2348 488 2392 non
511 2329 583 2410 ipsis
603 2327 722 2409 poetis,
751 2327 807 2390 sed
831 2328 1046 2408 grammaticis
1069 2323 1195 2401 deberi,
1225 2324 1281 2405 qui

120 2426 195 2490 duas
223 2427 306 2489 inter
327 2445 360 2489 se
382 2426 534 2491 editiones
556 2425 810 2505 distinguebant,
843 2427 902 2490 nisi
922 2426 1028 2507 potius
1049 2427 1112 2487 iam
1137 2423 1167 2483 in
1190 2422 1279 2487 dida·

117 2522 212 2587 scaliis
242 2523 342 2587 altera
372 2525 467 2588 editio
493 2524 601 2607 aliquo
624 2512 721 2586 modo
744 2527 856 2587 notata
879 2527 964 2600 erat,
995 2522 1099 2604 quode
1122 2540 1279 2603 perquam

119 2620 221 2702 inique
243 2619 367 2699 accidit,
395 2622 482 2702 quod
504 2620 749 2686 didascaliarum
772 2621 951 2700 fragmenta
974 2618 1095 2681 nullum
1119 2618 1210 2681 nobis
1232 2619 1273 2683 in·

117 2716 231 2781 dicium
254 2717 451 2801 praebend).
499 2717 666 2794 Quantum
693 2736 771 2781 vero
801 2716 903 2781 altera
931 2735 951 2779 a
979 2716 1084 2797 priore
1115 2716 1277 2795 distulerit,

183 2933 209 2991 1)
226 2927 338 2997 Proprie
358 2934 494 2989 οτεφοοίας
508 2928 551 2980 est
564 2927 636 2993 quod
650 2943 699 2979 nos
710 2925 828 2980 dicimus
846 2926 899 2978 mit
918 2925 1007 2979 einem
1022 2926 1128 2979 Kranae
1141 2929 1280 2992 versehen,

114 3013 359 3080 sicutrpmparluc,
378 3013 430 3066 mit
445 3012 520 3066 einer
533 3012 644 3066 Wunde
659 3011 798 3074 versehen,
813 3010 948 3070 Ὀδυσσεύς
966 3012 1153 3079 (ἀκανθοιιλήε)
1167 3011 1281 3077 dicitur3

113 3100 206 3152 eadem
232 3099 345 3152 notione
372 3098 564 3169 στεφανηφορῶν
590 3099 738 3165 usurpatur
762 3114 779 3149 a
803 3097 887 3150 schol.
914 3098 961 3150 Ar.
980 3097 1052 3149 Nub.
1071 3115 1094 3148 v.
1117 3098 1166 3149 257
1190 3097 1278 3158 ἄλλως·

110 3190 136 3236 {r
150 3186 300 3246 Ἀθάμαντι
318 3187 469 3246 Σοφοκλέους
487 3184 616 3236 ὑπόκειται
633 3185 755 3245 Ἀθάμας
774 3182 968 3254 οτεφαοηφορῶο
987 3181 1072 3249 οἵσπερ
1090 3184 1184 3252 ἱερεῖον.

179 3279 205 3343 2)
236 3278 277 3334 of.
299 3277 405 3332 Welclr.
429 3277 512 3346 Ἔτος.
533 3296 557 3346 p.
578 3279 635 3330 745.
685 3277 741 3328 lam
760 3275 976 3330 Valckenaerius
1006 3275 1047 3328 ed.
1075 3274 1138 3328 Eur.
1164 3275 1276 3345 Hippoi.

114 3365 195 3431 prael.
208 3383 234 3432 p.
244 3364 302 3417 XX.
314 3366 419 3417 monet:
440 3380 506 3416 »neo
524 3361 618 3430 prodit
636 3361 663 3412 in
674 3377 780 3413 scenam
791 3361 960 3430 Hippolytus
968 3363 1145 3425 coronatura
1165 3360 1279 3415 deberet

111 3450 197 3512 enim,
225 3450 247 3502 si
272 3452 349 3504 rectu
373 3452 444 3503 esset
462 3447 617 3518 agnominis
636 3447 723 3500 notio.
766 3448 825 3511 Qua
852 3449 885 3501 de
919 3464 1001 3501 causa
1033 3446 1205 3500 doctissimus
1234 3448 1278 3501 vir

111 3536 169 3604 ipse
196 3535 279 3588 aliam
308 3534 463 3603 explicandi
493 3534 629 3587 rationem
659 3532 761 3584 inierat
796 3533 965 3601 ingeniosius
998 3550 1079 3599 quam
1106 3533 1277 3600 probabilius

111 3621 248 3689 opinatus,
268 3623 457 3678 καλυπτομένου
475 3636 541 3673 voce
560 3619 682 3672 indicare
693 3618 810 3672 voluisse
826 3618 1021 3687 grammaticos
1038 3619 1136 3685 prioris
1149 3618 1277 3671 editionis

109 3705 265 3765 infamiam,
293 3712 479 3777 στεφανηφόρον
502 3705 572 3758 illud
592 3705 663 3772 qnod
691 3708 814 3759 correcta
842 3724 874 3759 en
904 3705 932 3757 in
967 3708 1107 3758 certamen
1138 3705 1275 3773 tragicum

110 3791 206 3843 delata
224 3808 351 3844 coronam
372 3790 537 3858 deportavit.

180 3875 206 3943 3)
237 3876 266 3928 Si
297 3894 390 3929 verum
424 3878 508 3938 esset,
540 3875 614 3942 quod
642 3875 758 3929 Boeolrb.
785 3875 803 3927 l.
829 3875 847 3927 l.
873 3875 907 3927 de
931 3874 1086 3942 Euripidem
1115 3875 1277 3928 Alcmaeone

107 3959 275 4028 (Corinthio)
294 3963 323 4015 et
343 3961 488 4031 iphigenia
507 3960 677 4027 (Aulidensit
697 3960 857 4021 contendit,
883 3959 911 4012 in
932 3959 1097 4012 didascalico
1117 3958 1277 4011 testimonio

110 4045 159 4098 ubi
188 4061 235 4099 eae
263 4050 464 4110 memorantur,
491 4047 593 4100 alteras
620 4045 751 4100 editiones
775 4045 842 4115 dici,
868 4046 946 4098 nullo
971 4046 1051 4098 niodo
1070 4044 1229 4096 viderentur
1248 4043 1277 4096 in
