2782 4554
680 226 721 290 28

113 410 284 474 auctoritas
304 410 422 475 subest.
465 410 584 474 Verum
609 411 705 474 modo
734 412 883 474 accurate
906 407 1062 489 inspicias,
1095 407 1208 473 statim
1230 409 1290 471 im·

115 509 251 588 postoris
273 510 439 573 cuiusdam
467 528 600 574 manum
630 510 660 573 in
691 509 825 573 articulo
845 511 892 587 τῷ
921 526 1103 588 cognosces
1132 507 1190 589 qui
1223 527 1291 571 non

115 611 220 688 potest
251 608 293 671 ab
320 608 389 688 ipso
411 613 516 690 poeta,
546 608 656 690 itaque
687 629 726 672 ne
746 609 779 671 in
801 607 978 671 didascaliis
999 607 1130 688 quidem
1151 607 1291 689 scriptus

116 706 220 770 fuisse.
264 708 371 788 Atque
393 727 493 790 quam
519 727 665 789 perverse
693 707 941 789 praepositiones
969 705 1025 768 διά
1054 707 1178 788 positae
1200 708 1289 770 sunt!

116 805 206 882 Quae
223 807 299 888 quid
316 807 374 870 sibi
392 807 496 884 velint,
520 826 697 888 numquam
710 807 764 870 libi
778 807 940 886 continget
953 808 988 868 ut
1000 804 1095 886 plane
1113 804 1289 885 intellegas.

115 904 238 969 Scilicet
259 925 297 968 ex
320 907 473 970 sermonis
495 910 645 970 contextu
668 907 788 971 solutae
810 908 886 969 sunt
906 923 945 967 ac
962 903 1059 966 verba
1069 901 1179 983 aliqua
1193 903 1289 966 eundi

114 1003 304 1083 desiderant,
326 1006 409 1068 unde
424 1009 588 1086 regantur.
624 1004 731 1082 Quare
749 1004 838 1069 haud
859 1005 965 1085 inepte
988 1001 1122 1066 fortasse
1144 1003 1289 1066 coniece

115 1102 155 1166 rit
174 1105 253 1185 quis,
276 1105 450 1185 agnomina
474 1103 526 1168 illa
547 1124 585 1168 ex
606 1108 713 1168 vetere
735 1104 843 1185 aliqua
861 1103 1045 1167 narratione
1066 1100 1106 1163 de
1123 1101 1289 1165 Alcmaio·

116 1203 163 1265 nis
184 1205 279 1266 rebus
301 1207 428 1286 recepta
449 1208 546 1286 atque
564 1204 709 1283 genuinis
730 1202 887 1267 indicibus
908 1201 1069 1280 adscripta
1090 1219 1169 1263 esse.

147 1346 148 1353 .
176 1302 295 1367 Eodem
312 1323 376 1366 non
388 1303 499 1366 dubito
511 1305 586 1382 quin
599 1303 835 1384 iphigeniarum
847 1300 1054 1382 superstitum
1063 1298 1289 1362 additamenta

111 1399 184 1485 q‘s'v
199 1401 313 1465 Αὐλίδι
328 1407 360 1467 et
382 1402 402 1484 ἡ
422 1403 458 1465 ἐν
479 1400 616 1483 Ταύροις
635 1401 785 1466 recidant.
813 1399 897 1464 Nam
919 1418 960 1462 ne
976 1399 1035 1462 has
1054 1398 1187 1479 quidem
1202 1399 1288 1463 idem

114 1506 210 1583 poeta
238 1503 356 1579 docuit,
383 1503 439 1565 sed
460 1501 665 1566 Aulidensem
690 1520 755 1564 una
778 1518 852 1563 cum
870 1499 1066 1563 Alcmaeone
1086 1495 1285 1576 (Corinthio)

113 1601 216 1664 minor
242 1601 444 1682 Euripides).
487 1602 594 1682 Atque
623 1619 821 1682 quamquam
849 1599 882 1662 in
911 1597 1099 1662 didascalico
1128 1595 1184 1660 illo
1215 1597 1286 1663 loco

111 1700 291 1764 Aulidensis
312 1701 407 1781 pleno
428 1699 519 1764 titulo
542 1701 660 1780 scripta
681 1703 740 1776 est,
764 1702 872 1762 tamen
890 1697 983 1760 huius
1005 1696 1101 1760 etiam
1124 1695 1206 1760 tides
1227 1697 1287 1760 ali·

115 1804 273 1880 quantum
298 1819 336 1862 eo
358 1799 564 1874 imminuitur,
587 1797 674 1880 quod
696 1797 847 1861 articulus
868 1795 889 1878 ἡ
907 1796 1036 1860 additus
1062 1797 1118 1871 est,
1142 1796 1200 1876 qui
1219 1815 1285 1860 non

111 1898 168 1960 nisi
190 1899 353 1979 posteriori
376 1900 502 1962 cuidam
519 1898 638 1960 homini
658 1897 800 1960 debetur.
832 1897 876 1958 At
899 1896 963 1959 iam
986 1894 1072 1957 dices
1095 1895 1228 1958 tortasse
1253 1897 1286 1958 in

112 1997 173 2058 lioc
202 1996 390 2060 didascalico
419 1998 489 2061 loco
517 1998 542 2060 si
564 1997 746 2077 Iphigeniae
776 1993 954 2077 verbacqr
976 1993 1013 2055 ἐν
1033 1989 1148 2055 Αὐλίδι
1171 1992 1286 2057 addila

111 2099 202 2171 sunt,
234 2096 347 2158 eudem
384 2097 451 2159 iure
480 2096 630 2158 contendi
657 2113 766 2176 posse,
797 2093 983 2158 Alcmaeoni
1012 2092 1111 2155 verba
1139 2091 1201 2158 ,τόν
1227 2091 1285 2154 διά

112 2197 294 2274 Κορίνθου,
330 2195 404 2258 olim
439 2195 469 2258 in
505 2194 683 2258 didascaliis
719 2193 879 2274 adscripta
916 2191 1009 2253 luisse
1041 2193 1140 2272 atque
1169 2195 1285 2271 postea

110 2292 262 2355 detracta.
313 2293 356 2355 At
388 2312 453 2355 non
477 2278 620 2374 'prorsus
657 2294 770 2356 eadem
807 2312 858 2355 res
895 2295 952 2355 est.
1002 2290 1155 2354 Novimus
1186 2293 1285 2374 enim,

111 2391 141 2452 ni
174 2391 271 2467 fallor,
304 2391 419 2454 talibus
451 2391 483 2454 in
516 2393 611 2456 rebus
637 2395 760 2454 veteres
787 2391 1020 2470 grammaticos,
1047 2389 1181 2453 sicunde
1202 2391 1285 2472 quid

109 2489 281 2552 scribentes
310 2491 509 2570 repetebant,
538 2492 691 2571 largiores
725 2490 818 2553 luisse
849 2491 879 2552 in
909 2488 1058 2569 augendo
1081 2508 1121 2552 ex
1144 2508 1184 2552 ea
1215 2509 1286 2570 qua

109 2589 282 2651 utebantur
303 2589 451 2665 scientia,
483 2609 580 2671 quam
605 2591 637 2652 in
659 2588 866 2652 diminuendo
891 2589 1142 2669 importuniores.
1187 2587 1283 2653 Certe

108 2688 139 2749 in
163 2693 271 2750 nostro
294 2687 363 2751 loco
386 2688 505 2752 facilius
527 2691 659 2770 putatur
680 2688 909 2776 grammaticus
938 2689 1064 2751 concisa
1086 2687 1283 2752 didascalice

107 2787 212 2861 verba,
237 2806 301 2868 quo
316 2788 451 2851 certiora
465 2788 615 2865 redderet,
634 2786 853 2850 additamento
870 2786 1047 2868 ampliasse,
1066 2805 1164 2867 quani
1181 2788 1282 2850 etiam

110 2970 305 2978 ———-.—.

180 3066 205 3128 ll
226 3065 263 3118 Cf.
285 3065 395 3119 Wilam.
421 3065 438 3117 1.
460 3065 478 3120 l.
505 3083 530 3133 p.
549 3067 597 3129 59,
627 3063 823 3134 Ausgewdhlte
848 3063 1022 3134 Tragoedien
1049 3063 1098 3119 des
1123 3063 1282 3135 Euripides,

108 3149 152 3200 fiir
171 3151 224 3202 den
245 3150 469 3220 Schulgebraucli
488 3152 593 3204 erlrliirt
612 3168 664 3204 von
683 3151 717 3203 N.
739 3150 896 3214 Wecklein,
916 3151 940 3203 2.
953 3149 1057 3205 Bdchn.
1076 3150 1226 3221 Iphigenia
1242 3150 1282 3205 im

108 3233 288 3288 Taurierland
309 3237 422 3305 Leipzig
444 3237 516 3300 1876,
538 3255 565 3305 p.
582 3241 613 3289 16
627 3255 667 3304 sq.
703 3238 839 3290 Neutrum
859 3236 919 3290 vivo
937 3237 1067 3304 Euripide
1087 3230 1200 3290 doctam
1221 3255 1280 3293 esse

108 3321 228 3373 affirmat
240 3322 364 3395 Diodori.
375 3323 456 3391 Soph.
470 3323 510 3375 Αἱ.
525 3343 548 3392 p.
561 3324 592 3376 3:
613 3341 699 3391 »quae
718 3341 790 3377 nunc
809 3323 926 3376 Taurica
944 3321 1053 3386 dicitur,
1074 3326 1137 3390 post
1157 3332 1279 3380 mortem

107 3412 204 3473 poetae
223 3408 300 3460 edila
319 3407 437 3477 simplici
458 3409 618 3479 iphigeniae
639 3409 750 3464 nomine
768 3410 901 3479 inscripta
927 3409 982 3462 l'uit
1004 3409 1040 3462 ab
1058 3408 1117 3477 ipsc
1136 3409 1166 3461 ni
1185 3411 1280 3480 fallor,

106 3493 195 3546 altera
214 3511 285 3557 vere,
306 3495 350 3547 rui
363 3495 506 3548 Aulidensi
524 3513 623 3550 nomen
643 3497 768 3551 fecerunt
780 3494 965 3566 grammatici,
985 3512 1071 3562 quum
1085 3493 1280 3564 imperfectam

106 3577 263 3645 reliquisset
283 3585 365 3648 poeta
384 3598 535 3649 numquam
561 3581 588 3634 in
613 3599 721 3637 scenam
740 3582 858 3652 prodiit,
882 3583 928 3637 sed
951 3600 968 3636 a
996 3581 1084 3651 poetis
1100 3582 1279 3650 quibusdam,

106 3661 168 3714 aliis
190 3665 406 3731 antiquioribus,
433 3667 495 3720 aliis
517 3668 712 3723 recentissimis
736 3675 765 3724 et
788 3667 1015 3739 imperitissimis,
1043 3667 1212 3726 continuata
1233 3676 1278 3729 est

107 3750 192 3814 atque
210 3749 404 3819 interpolatam.
444 3753 563 3808 Boeckh.
582 3754 600 3807 l.
618 3756 636 3808 l.
655 3774 681 3825 p.
701 3757 751 3811 223
777 3756 955 3827 comprobare
983 3756 1077 3809 studet
1095 3754 1277 3816 Aulidensem

107 3833 216 3887 doctam
238 3853 294 3891 esse
312 3840 377 3892 ante
388 3839 542 3909 Tauricam,
557 3843 623 3912 quia
634 3844 671 3898 sit
686 3847 766 3898 »ante
780 3845 890 3914 scripta,
911 3848 995 3902 antea
1011 3830 1103 3901 anime
1115 3851 1278 3918 concepta«,

108 3918 203 3986 itaque
215 3937 285 3986 eam,
304 3927 417 3994 quaein
432 3929 600 3986 didascalico
613 3930 662 3986 illo
675 3931 736 3986 loco
748 3930 859 3995 dicitur,
877 3932 976 3991 debere
991 3935 1108 3991 alteram
1124 3932 1280 4009 editionem

106 4018 172 4061 6886.
