2782 4554
679 209 719 272 35

119 388 257 453 maxime
275 386 433 467 quatenus
451 384 517 465 ipse
535 388 628 466 poeta
646 385 757 451 iterum
780 387 943 452 docendae
955 389 1080 454 tabulae
1095 394 1294 459 mutationes

116 483 321 551 retractando
333 483 485 559 attulerit,
506 483 617 564 quales
637 482 717 546 inter
736 487 914 564 tragoedias
933 488 964 550 in
983 489 1150 571 Euripides
1166 493 1291 576 Hippo·-

116 586 182 667 lyto
198 583 302 647 factae
315 583 398 659 sunt,
417 583 576 661 quatenus
589 582 788 661 posteriores,
808 584 960 664 imprimis
972 587 1149 664 histriones,
1172 609 1291 655 manus

116 683 294 757 iniecerint,
321 679 372 742 vix
395 696 538 758 unquam
563 678 667 740 licebit
688 679 883 759 dignoscere.
927 681 1022 747 Certe
1045 689 1155 749 tamen
1176 687 1289 769 aliqua

117 780 212 845 debet
233 777 361 842 alterius
384 795 402 838 a
423 776 526 856 priore
548 776 714 840 diversitas
737 777 898 841 exstitisse.
937 778 1021 856 Quid
1042 782 1137 860 enim,
1160 783 1222 847 nisi
1245 786 1290 849 ita

114 881 212 956 esset,
235 875 365 939 omnino
388 873 604 937 distinctiones
623 873 701 938 illae
724 875 782 938 sibi
805 876 947 940 vellent?
985 878 1086 960 Atqui
1107 880 1147 942 de
1169 880 1233 945 bac
1253 902 1289 946 re

84 1058 87 1063 ,
117 976 272 1041 dubitatio
295 973 368 1035 inde
389 971 517 1048 exsistit,
542 971 627 1052 quod
643 991 741 1053 supra
755 972 935 1037 audivimus
947 974 1113 1058 Sophoclis
1125 976 1287 1060 Oedipum
1310 1024 1317 1030 -

116 1072 272 1156 [Regem]
296 1071 391 1132 etiam
414 1065 576 1150 πρότερον
598 1072 745 1132 vocatam
767 1070 871 1136 luisse.
914 1073 1025 1154 ltaque
1047 1075 1079 1137 in
1103 1076 1139 1138 iis
1155 1096 1288 1159 quoque

116 1175 250 1248 fabulis,
287 1189 423 1252 quarum
453 1169 576 1232 diversa
606 1173 698 1232 erant
727 1174 917 1251 argumenta
947 1192 1051 1255 eaque
1082 1175 1147 1238 iarn
1176 1175 1287 1258 aliquo

117 1273 213 1337 modo
239 1272 270 1333 in
299 1267 402 1332 indice
432 1268 514 1330 inter
542 1287 576 1330 se
605 1267 770 1344 distincta,
800 1271 1000 1348 grammatici
1028 1271 1118 1350 signa
1147 1273 1201 1336 illa
1228 1273 1287 1336 ad-

116 1370 304 1443 hibuerunt,
334 1364 473 1428 maxime
501 1364 534 1427 in
563 1364 683 1446 priore,
714 1365 832 1447 quippe
862 1368 950 1430 cuius
974 1368 1084 1433 titulus
1112 1371 1287 1454 simplicior

116 1464 239 1546 esset¹).
283 1463 406 1527 Tamen
416 1463 572 1545 siquidem
584 1463 617 1526 in
631 1463 873 1544 cognominibus
890 1464 1005 1530 fabulis
1020 1469 1179 1548 omnibus,
1200 1490 1288 1553 quae

115 1565 228 1630 diversi
252 1561 430 1643 argumenti
457 1564 563 1638 erant,
595 1560 689 1623 etiam
713 1561 856 1641 pleniora
879 1565 1050 1643 agnomina
1070 1568 1285 1648 reperiuntur,

115 1666 176 1728 boc
197 1662 308 1725 saltem
328 1659 464 1723 dubitari
487 1659 613 1740 nequit,
644 1658 720 1738 quin
743 1677 853 1721 earum
878 1660 1056 1726 fabularum
1079 1665 1179 1744 paria,
1203 1685 1285 1747 qua-

116 1782 186 1825 rum
212 1762 325 1822 neutra
354 1756 541 1819 discernitur
562 1755 621 1818 nisi
643 1774 777 1818 numero
798 1755 829 1816 α’
850 1761 880 1820 ct
901 1755 942 1838 ff,
972 1778 1037 1823 non
1060 1761 1184 1825 diversa
1208 1764 1285 1826 bina

115 1861 273 1932 dramata,
296 1855 350 1917 sed
371 1853 467 1917 binae
487 1853 627 1916 eiusdem
651 1854 803 1917 editiones
825 1854 949 1917 luerint.

196 1956 243 2018 Ac
267 1956 352 2017 certe
375 1953 437 2014 huc
459 1946 603 2033 spectant
626 1950 825 2031 Sophocleae
846 1949 993 2032 Λήμνιαι
1016 1955 1193 2032 (προτέρας
1215 1974 1283 2017 me-

113 2046 218 2118 morat
245 2052 354 2133 Steph.
385 2050 456 2131 Byz.
486 2070 517 2130 p.
546 2048 655 2123 5575,
685 2047 784 2129 Soph.
807 2049 843 2111 tr.
867 2047 944 2130 353)
975 2053 1006 2112 et
1037 2043 1144 2128 Tvpd'
1161 2049 1223 2129 (a‘z
1247 2053 1281 2115 fr.

112 2151 204 2224 {tatto
228 2149 311 2223 Hes,
334 2145 382 2229 pi:
404 2145 512 2209 fr.587
525 2144 695 2208 Stobssor.
713 2145 812 2223 1093,
837 2146 871 2208 fr.
893 2148 953 2210 589
976 2146 1070 2210 Phot.
1093 2145 1143 2210 lex
1165 2148 1281 2227 5177,

112 2245 346 2311 5559055551.
369 2243 485 2308 Aesch.
507 2242 603 2307 Pron.
626 2262 655 2304 v.
679 2243 753 2318 1283
787 2242 938 2323 δευτέρας
962 2243 996 2305 fr.
1020 2244 1082 2306 588
1104 2243 1202 2306 schol.
1226 2245 1281 2308 Ar.

113 2345 172 2408 Av.
196 2364 225 2406 v.
248 2341 333 2420 275).
390 2341 455 2404 Nec
491 2339 582 2403 aliter
620 2339 867 2420 intellegendum
905 2341 979 2418 erit,
1015 2340 1102 2423 quod
1137 2341 1281 2406 eiusdem

111 2439 257 2522 Ἀθάμας
278 2438 307 2500 α’
337 2442 368 2501 et
395 2437 461 2500 Ἀθ.
484 2434 515 2518 ff
543 2435 593 2500 vel
622 2434 772 2516 δεύτερος
801 2437 895 2517 [haec
922 2438 1030 2501 omnia
1060 2438 1147 2518 apud
1179 2459 1281 2504 unum

110 2536 324 2622 Hesychium)
353 2535 402 2599 vel
432 2536 538 2613 ἕτερος
573 2533 820 2613 distinguuntur.
870 2535 920 2596 An
953 2554 1028 2597 vero
1061 2534 1186 2600 diversa
1214 2539 1280 2601 duo

109 2640 298 2717 argumenta
322 2634 415 2696 luisse
443 2653 482 2697 ex
503 2633 565 2696 hac
589 2639 699 2708 ἐτέρου
723 2650 800 2694 voce
829 2630 974 2709 colligere
998 2631 1083 2707 licet,
1106 2637 1172 2714 qua
1198 2654 1281 2699 unus

109 2733 206 2797 schol.
229 2733 282 2795 Ar.
306 2730 388 2793 Nub.
413 2749 440 2791 ir.
464 2730 524 2791 557
546 2725 707 2804 utitur?‘²)
749 2727 858 2809 Neque
887 2730 970 2790 enim
1002 2731 1060 2791 nisi
1086 2729 1149 2794 hoc
1171 2751 1210 2794 ea
1233 2733 1280 2795 in-

109 2832 244 2908 dicatur,
267 2829 405 2910 aliquam
431 2827 586 2891 exstitisse
608 2816 872 2906 discrepantiam,
896 2846 978 2908 quae
1000 2831 1106 2908 potest
1126 2829 1225 2891 etiam
1246 2831 1277 2893 in

109 2946 196 2990 mera
225 2926 383 2989 tract-andi
411 2925 534 2988 ratione
563 2923 668 3005 posita
696 2924 807 2996 luisse3
846 2942 882 2986 ac
909 2927 1033 2986 veteres
1057 2924 1142 2987 hanc
1164 2946 1277 2989 vocem

107 3042 173 3087 non
210 3025 393 3086 constanter
429 3022 487 3084 sibi
522 3022 636 3085 eadem
671 3020 789 3103 ubique
818 3020 947 3083 notione
975 3040 1163 3102 usurpasse,
1203 3025 1277 3087 inde

108 3120 343 3200 cognoscimuS,
375 3118 461 3199 quod
489 3118 520 3180 in
551 3136 615 3198 arg.
639 3117 737 3199 Soph.
760 3116 837 3180 Ocd.
862 3115 976 3198 (Reg.)
1006 3118 1105 3181 altera
1134 3119 1278 3204 Oedipus

107 3215 297 3302 (Coloneus)
306 3215 541 3295 ttapogdicitur,
556 3233 640 3279 nova
654 3218 762 3278 autem
774 3215 867 3278 editio
877 3212 1219 3298 s‘sspoEipq'rqinarg.
1228 3219 1277 3283 111.

107 3429 266 3483 didascaliis
290 3427 396 3481 alterae
420 3443 437 3478 a
461 3424 599 3494 prioribus
623 3425 771 3478 distinctae
789 3423 881 3478 fuisse.
919 3424 1022 3494 Tamen
1040 3424 1124 3479 fuisse
1143 3427 1277 3496 colligere

105 3513 202 3569 licebit
219 3532 251 3568 ex
270 3531 374 3582 argum.
395 3511 444 3564 III.
463 3512 510 3564 Ar.
532 3511 593 3565 Pac.
615 3512 651 3578 (v.
664 3509 784 3564 Meinelr.
799 3510 841 3564 ed.
853 3509 994 3578 Aristoph.
1013 3509 1085 3579 Lips.
1098 3511 1166 3566 1860
1184 3514 1240 3568 vol.
1255 3515 1277 3568 Ι.

105 3619 131 3670 p.
150 3599 227 3666 263),
260 3599 308 3652 ubi
332 3597 454 3651 traditur
478 3603 594 3658 φαίνεται
619 3599 645 3648 ἐν
669 3606 729 3655 ταῖς
753 3597 924 3656 διδασκαλίαις
947 3597 988 3647 καὶ
1004 3597 1102 3666 ,ἑτέραν
1121 3599 1278 3666 4διανδαχαὶς

105 3687 217 3756 Εἰρήνην
234 3685 322 3744 ὁμοίως
338 3684 526 3753 Ἀριστοφάνης.

176 3770 201 3836 ll
220 3769 312 3822 Etiam
331 3768 501 3837 simplicibus
520 3766 639 3820 numeris
656 3766 766 3820 diversa
784 3769 948 3836 argumenta
960 3751 1120 3836 signantur,
1136 3785 1199 3823 curu
1212 3771 1276 3825 Pla·

105 3855 178 3909 tonis
196 3854 356 3922 Ἀλκιβιάδης
373 3853 496 3920 itemque
506 3853 612 3913 Ἱππίας
626 3858 746 3923 πρότερος
756 3854 785 3906 et
798 3853 1136 3922 dsr'rcspocdistinguuntur,
1155 3855 1184 3908 id
1199 3859 1276 3924 quod
1296 3912 1301 3917 ,

106 3941 278 3995 doctissimus
297 3940 339 3994 vir
355 3941 456 3995 'l'heod
476 3939 580 3993 Birtius
598 3955 642 3992 me
661 3938 777 3992 monuit.

174 4026 202 4094 2)
221 4026 298 4090 Quod
318 4024 431 4094 collegit
449 4023 613 4080 Welckerus
632 4023 713 4093 Trag.
733 4039 758 4093 p.
778 4023 828 4077 319
847 4039 905 4091 sqq.
