2782 4554
738 230 780 313 44

179 409 312 494 φόοιης,
334 412 390 476 ubi
412 432 495 494 quae
515 416 700 492 servantur,
722 408 933 495 Bellerophon
957 412 1083 476 videtur
1105 412 1137 477 in
1159 413 1348 493 Σθιιέβοῐρι
1390 497 1391 500 ¹

116 528 120 535 ·
178 512 410 592 pronuntiasse.
874 546 878 551 ,
970 507 974 513 ’

259 637 397 716 Longius
430 637 528 700 etiam
558 637 757 717 grammatici
789 640 1029 720 processerunt,
1065 653 1139 697 cum
1172 652 1244 697 eam
1279 653 1347 714 per·

73 813 76 817 7
178 752 297 821 sonam·
325 736 550 814 nominarunt,
589 756 673 817 quae
709 756 775 800 non
811 738 881 818 ipsa
916 735 1079 818 prodibat,
1119 733 1175 796 sed
1206 732 1247 795 de
1285 751 1349 814 qna

182 836 213 898 in
235 834 364 898 fabulae
385 855 532 898 sermone
554 837 718 914 agebatur.
760 835 810 899 Sic
833 836 917 899 enim
940 834 1112 898 laudantur
1132 828 1296 927 λροχύλοο
1314 831 1349 905 ἐξ

178 929 376 1013 Ἀμφιαράου
400 934 511 1013 (schol.
534 934 615 998 Plat.
638 935 677 998 de
701 954 734 997 re
756 934 843 1015 publ.
865 933 900 996 ll.
926 954 954 1014 p.
971 931 1081 1010 3614)),
1104 950 1188 1012 quae
1209 930 1249 993 de
1270 930 1347 993 Ani-

178 1033 313 1113 phiarao
334 1033 539 1115 proteruntur
560 1033 646 1114 Sept.
669 1053 694 1096 c.
717 1032 817 1096 Theb.
842 1051 870 1095 v.
893 1033 972 1106 5753
999 1027 1180 1111 Εὐριπίδης
1201 1029 1237 1090 ἐι·
1255 1030 1349 1109 Ἡρα·
1383 1066 1387 1073 ·

178 1130 250 1193 atsi
268 1131 352 1209 (Eur.
375 1133 411 1196 fr.
432 1132 492 1195 476
515 1133 627 1195 anecd.
650 1133 849 1196 Bacbmann.
872 1131 932 1194 vol.
953 1130 974 1194 1.
997 1150 1028 1212 p.
1051 1128 1172 1207 4167),
1201 1148 1285 1209 quae
1308 1128 1347 1191 de

179 1230 315 1294 Hercule
336 1231 367 1293 in
390 1235 559 1311 Λικυμνίῳ
580 1231 698 1312 scripta
720 1230 813 1295 fuisse
835 1231 963 1295 aliunde
984 1231 1101 1293 scimus
1124 1229 1211 1309 (Eur.
1234 1229 1268 1290 h.
1286 1228 1347 1290 476

90 1394 104 1403 ,
137 1384 139 1393 .
181 1329 269 1410 Diog.
292 1330 397 1393 Lucri.
419 1332 519 1409 3,63);
553 1332 642 1394 cuius
671 1333 785 1400 erroris
817 1333 935 1395 sontem
965 1324 1063 1394 in'eo
1083 1330 1152 1392 loco
1174 1347 1348 1409 agnoscere

180 1428 269 1504 licet,
301 1430 355 1492 ubi
386 1431 509 1493 iisdem·
524 1431 627 1493 verbis
654 1431 822 1494 afferendis
848 1431 1081 1512 praescriptum
1109 1428 1242 1507 legimus
1264 1427 1349 1489 nard

178 1527 237 1589 adr
259 1526 478 1607 Ἐὐριπίδειον
505 1527 665 1609 Ἡρακλέα
696 1528 780 1604 (Eur.
803 1530 839 1592 ir.
862 1530 925 1593 476
949 1527 1112 1592 Plutarch.
1137 1528 1190 1589 vu.
1205 1526 1348 1591 Marcell.

179 1647 205 1692 c.
219 1629 288 1704 biju
315 1629 374 1690 hoc
398 1627 481 1690 enim
507 1631 613 1690 utrum
638 1629 678 1690 de
701 1627 809 1692 fabula
828 1647 869 1691 an
889 1629 928 1691 de
948 1646 1086 1709 persona
1101 1625 1346 1706 intellegendum

180 1728 236 1799 sit,
263 1745 341 1789 sane
361 1728 587 1806 grammaticus
610 1727 763 1815 posterior
785 1727 931 1791 dubitare
953 1729 1096 1809 poterat3
1123 1724 1290 1805 Σοφοκλῆς
1313 1725 1347 1785 ἐν

182 1822 278 1902 Τοέλῳ
300 1824 410 1904 (δορὴ.
422 1826 458 1888 ir.
473 1826 530 1889 165
543 1825 640 1888 schol.
653 1825 756 1906 Apoll.
768 1826 875 1889 Rhod.
887 1826 917 1903 4,
935 1825 1040 1902 1638),
1061 1843 1134 1887 cum
1153 1824 1193 1886 de
1210 1823 1292 1887 Talo
1314 1824 1344 1886 in

58 1960 61 1967 ,
179 1920 333 2000 Δαιδάλῳ
355 1926 462 2012 actum
485 1923 591 1987 fuisset
614 1923 668 2004 (ci.
686 1924 808 1988 Welck.
824 1925 924 2012 Trag.
944 1945 976 2006 p.
997 1925 1036 1987 73
1055 1924 1156 2006 sqq.);
1181 1922 1348 2005 Σοφοκλῆς

179 2022 214 2082 ἐν
245 2025 425 2103 Προμηθεῖ
452 2021 563 2104 (schol.
590 2024 680 2086 Pind.
703 2024 796 2104 Pytb.
819 2027 839 2088 5
865 2044 895 2088 v.
917 2022 991 2104 35),
1022 2041 1105 2103 quae
1132 2023 1284 2086 videntur
1313 2023 1344 2090 in

180 2121 454 2201 Kotxr‘ol'scripta
476 2120 570 2184 fuisse
593 2120 646 2203 (ci.
666 2122 786 2190 Welck.
809 2124 916 2186 Prom.
938 2143 968 2204 p.
992 2122 1031 2184 35
1053 2124 1119 2184 not.
1138 2121 1194 2198 39,
1216 2121 1352 2207 Nachtr.

179 2241 207 2301 p.
225 2220 267 2282 63
285 2217 380 2300 sqq.).
419 2219 495 2282 'Nec
525 2220 616 2284 aliter
645 2221 854 2303 Sophoclcam
884 2219 1104 2304 ξοοιιρρόροος
1123 2224 1244 2284 ortam
1280 2240 1345 2285 esse

178 2317 292 2397 (schol.
315 2318 429 2383 Aescb.
452 2319 538 2399 Sept.
561 2340 590 2382 v.
612 2319 707 2400 304),
738 2341 803 2402 quo
833 2321 961 2384 nomine
992 2322 1051 2384 dici
1079 2308 1237 2383 videntur'
1258 2320 1302 2383 dii
1329 2340 1346 2383 e

176 2417 412 2498 pessumdanda
448 2417 657 2482 Troianorum
698 2420 777 2482 urbe
814 2420 983 2484 simulacra
1021 2418 1089 2483 sua'
1118 2419 1346 2495 aufererentes,

178 2516 360 2579 Welckerus
388 2517 497 2596 (Trag.
520 2539 550 2598 p.
574 2518 614 2580 66
636 2518 699 2599 sq.)
729 2519 805 2581 mihi
832 2519 962 2600 quidem
992 2517 1223 2598 comprobavit.
1268 2518 1346 2581 Pro-

178 2615 259 2678 iecto
289 2617 372 2677 enim
404 2617 453 2678 vix
482 2617 609 2696 cogitari
637 2622 772 2698 possunt
802 2618 996 2682 immortales
1019 2618 1061 2680 dii
1083 2618 1114 2679 in
1140 2617 1209 2698 ipso
1230 2617 1347 2680 huma·

178 2733 292 2778 narum
330 2734 436 2777 rerum
474 2717 594 2779 excidio
635 2718 723 2780 chori
762 2736 894 2780 munere
936 2719 1111 2797 fungentes.
1167 2715 1212 2778 At
1248 2716 1346 2778 etiam

177 2812 372 2876 Oceanidum
398 2817 429 2876 et
450 2814 663 2878 Eumenidum
696 2816 810 2879 choros
841 2817 985 2880 videmus
1016 2816 1047 2879 in
1077 2834 1205 2878 scenam
1230 2815 1347 2896 prode·

177 2916 291 2975 untes?
333 2912 456 2976 'Tamen
479 2914 626 2993 interest,
650 2916 681 2977 ni
703 2915 812 2993 fallor,
834 2915 953 2997 aliquid
975 2916 1055 2979 inter
1077 2915 1136 2978 has
1154 2914 1346 2978 'inferiorum

177 3012 344 3073 numinum
366 3012 477 3076 turbas
498 3018 529 3076 et
549 3014 681 3078 deorum
706 3015 780 3077 illud
800 3015 969 3078 concilium
984 3013 1151 3077 duodecim
1163 3014 1193 3103 in
1206 3011 1348 3094 Olympo

177 3111 364 3174 sedentium.
967 3123 969 3127 ·

689 3336 759 3401 par.
779 3317 829 3383 12.

258 3433 471 3516 Aliquantum
493 3456 567 3500 vero
589 3436 717 3516 gravius
739 3440 859 3501 veteres
882 3442 1072 3519 peccarunt,
1101 3437 1154 3500 ubi
1176 3437 1349 3502 manifesto

176 3555 281 3599 erroro
311 3535 460 3616 implicati
489 3536 706 3599 confusionem
734 3537 918 3600 effecerunt.
963 3535 1056 3612 Quod
1089 3538 1125 3598 ut-
1148 3535 1216 3599 fieri
1239 3543 1351 3617 posset

178 3635 284 3697 statim
308 3654 538 3714 cognoscemus
560 3636 664 3698 varias
687 3655 800 3699 causas
822 3636 1028 3698 concurrisse.
1073 3634 1198 3698 Tamen
1221 3634 1255 3697 in
1278 3637 1376 3713 uni·=

178 3753 302 3796 versum
331 3733 473 3797 nonnihil
504 3735 530 3795 ei
562 3734 766 3798 tribuendum
797 3735 938 3811 videtur,
968 3735 1055 3816 quod
1076 3753 1134 3816 per
1155 3753 1189 3797 se
1211 3753 1349 3799 consen·

177 3836 307 3895 taneum
338 3837 394 3909 est,
422 3852 486 3896 non
516 3833 633 3914 ubique
661 3834 886 3913 grammaticos
916 3835 1000 3916 ipsos
1023 3833 1118 3897 libres
1141 3833 1349 3911 inmanibus

180 3930 336 4006 habuisse,
359 3932 443 3995 unde
461 3932 669 3996 describendo
688 3952 770 4013 quae
788 3934 965 3997 afferebant
984 3932 1159 4011 haurirent,
1181 3929 1376 4015 sedsaepe‘

178 4028 265 4092 nulla
290 4029 348 4091 nisi
369 4031 540 4097 memoriae
562 4031 625 4094 fide
648 4031 734 4094 nisos
756 4051 823 4096 esse
838 4032 887 4096 vel
905 4033 1026 4096 incerta
1043 4030 1092 4098 vel
1107 4049 1238 4113 prorsus
1254 4031 1348 4099 falsa
