2782 4554
681 235 720 305 de

138 456 142 461 ·
193 421 358 504 Satyrione
379 422 488 484 autem
509 420 590 483 illius
611 420 674 483 iam
695 438 758 502 pro
779 423 866 485 certo
890 421 1052 489 affirmare
1074 423 1145 488 licet
1166 443 1278 489 verum

106 522 238 586 titulum
256 522 348 585 luisse
361 523 555 602 Προμηθέα,
576 520 672 584 modo
688 538 727 584 ea
744 519 862 598 fabula,
884 540 968 602 quae
984 522 1015 584 in
1028 540 1151 602 argum.
1163 523 1278 587 Aesch.
1340 541 1342 544 ’

109 619 195 685 Pers
219 620 421 701 Προμηθεύς
444 619 558 682 dicitur
583 619 660 698 (vid.
681 619 763 683 inter
784 619 975 683 didascalica
997 620 1178 702 fragmenta
1197 622 1279 686 inira

113 738 179 799 par.
207 720 279 800 15),
311 719 424 787 eadem
455 720 493 780 sit
523 721 622 800 utque
650 738 734 801 quae
755 719 896 800 pleniore
919 721 1047 784 nomine
1069 721 1155 802 apud
1179 740 1278 784 unum

114 816 274 884 Pollucem
294 819 343 883 bis
365 813 564 900 Προμηθεύς
585 815 749 896 πυρκαεύς
769 822 904 883 vocatur
926 818 979 900 (fr.
1001 821 1064 883 200
1084 821 1162 885 Poll.
1178 821 1276 899 10‚64‚
1363 872 1366 878 .

118 917 151 981 id.
171 918 293 998 tuuc).
340 919 462 982 Etenim
493 919 553 981 hoc
583 927 750 996 πυρκαέως
778 937 938 997 agnomen
965 919 1107 982 nondum
1134 921 1165 982 in
1187 921 1279 984 dida·

119 1018 278 1082 stallorum
325 1016 609 1099 conscriptionibus
653 1017 806 1080 exstitisse
849 1021 1072 1098 argumentum
1117 1019 1193 1084 illud
1238 1040 1277 1084 ex

78 1116 80 1121 '
124 1116 289 1182 didascaliis
311 1118 505 1192 derivatum,
527 1135 603 1197 prae
625 1135 691 1198 quo
712 1120 816 1180 cetera
836 1117 1017 1182 testimonia
1038 1119 1178 1197 sordent,
1201 1120 1277 1183 satis

93 1254 98 1265 ι
125 1217 269 1295 declarat3
311 1217 343 1279 in
381 1216 559 1280 didascaliis
595 1219 701 1279 autem
734 1233 789 1279 eas
819 1216 985 1280 titulorum
1015 1218 1132 1282 lormas
1161 1218 1277 1282 debere

127 1316 244 1396 scriptas
274 1316 386 1393 luisse,
418 1334 498 1397 quas
525 1315 582 1396 ipsi
605 1319 720 1397 poetae
740 1315 971 1391 adhibuerant,
1001 1317 1052 1380 vix
1075 1320 1122 1381 est
1143 1319 1276 1382 omnino

95 1470 98 1477 .
127 1416 195 1495 qood
206 1417 414 1492 moneatur¹).
455 1415 566 1496 ltaque
579 1416 609 1477 et
621 1414 744 1493 trilogia
758 1414 810 1477 illa
821 1418 852 1478 et
863 1415 998 1496 satyrica
1007 1414 1086 1478 haec
1095 1417 1276 1499 simpliciter

130 1513 310 1596 Προμηθεύς
332 1514 500 1595 inscriptae
521 1512 648 1589 fuerint,
671 1532 730 1576 nec
751 1513 826 1576 inde
845 1513 975 1595 quidem
997 1513 1171 1578 diiudicare
1192 1502 1277 1592 licet,¹

129 1615 185 1676 utra
209 1615 296 1694 prior
321 1613 516 1694 prodierit²)‚
552 1630 610 1675 nec
643 1612 759 1692 magis,
787 1615 895 1674 ulrum
927 1611 1119 1678 Promethea
1152 1613 1275 1693 trilogia
1355 1662 1359 1667 .

129 1711 196 1789 prior
220 1712 317 1776 docta
346 1713 399 1789 sit,
428 1730 487 1791 an,
521 1710 609 1775 cuius
637 1730 712 1792 pars
739 1710 820 1775 haec
841 1711 977 1793 satyrica
1001 1712 1074 1789 fuit,
1104 1711 1272 1776 Persarum

129 1808 289 1875 didascalia.

191 1910 337 1975 Ceterum
371 1909 457 1992 quod
485 1910 515 1973 in
538 1908 737 1972 Prometheis
759 1908 832 1971 item
856 1911 955 1990 atque
976 1909 1008 1973 in
1030 1908 1098 1972 aliis
1119 1909 1274 1972 eiusmodi

130 2005 218 2086 titulis,
239 2009 294 2091 qui
317 2013 349 2072 et
370 2009 498 2091 proprio
516 2008 646 2088 nomine
663 2012 694 2071 et
707 2007 861 2071 adiectivo
873 2006 1062 2088 el'liciuntur,
1084 2009 1274 2072 adieclivum

130 2109 230 2171 nomini
268 2109 397 2190 proprio
432 2127 527 2188 saepe
559 2127 616 2188 per
645 2106 813 2170 articulum
841 2105 1036 2186 adiungitur,
1073 2107 1162 2171 velut
1192 2113 1275 2187 Προ-

128 2208 235 2287 μηθεῦς
258 2204 460 2285 dictitamus,
484 2205 641 2278 Οἰδίπους
663 2205 681 2265 ὁ
702 2205 759 2266 ἐπὶ
781 2204 929 2285 Κολωνῷ,
943 2207 987 2269 'in
1010 2207 1191 2270 universum
1213 2207 1274 2270 hoc

128 2300 190 2384 loco,
210 2307 297 2388 quod
318 2327 374 2389 per
396 2327 430 2370 se
452 2310 551 2388 patet,
574 2305 769 2369 monendum
792 2307 854 2382 est,
876 2305 959 2384 ipsos
980 2310 1092 2387 poetas
1114 2325 1273 2386 agnomen
1315 2322 1338 2375 ‘.

127 2404 223 2469 omisso
253 2405 389 2470 articulo
420 2405 579 2468 addidisse
608 2407 706 2485 atque
735 2402 765 2464 id
792 2404 973 2485 praeposito
995 2405 1114 2468 nomini
1136 2405 1275 2487 proprio,

128 2503 227 2585 quippe
247 2524 382 2587 quornm
405 2503 517 2567 nilt
472 2524 502 2566 m
505 2505 645 2579 teresset,
671 2501 729 2565 nisi
752 2503 787 2564 ut
806 2521 961 2582 personae
982 2504 1107 2585 propria
1131 2503 1274 2567 condicio

128 2596 319 2679 indicaretur,
355 2602 522 2666 articulum
561 2619 724 2682 apponere
757 2603 1037 2680 grammaticorum
1069 2603 1180 2715 fuisse,
1219 2601 1273 2685 qui

128 2702 229 2764 cenam
255 2699 395 2765 fabulam
418 2720 456 2764 ex
479 2699 720 2781 cognominibus
741 2698 932 2780 selegebanl.
1024 2710 1028 2716 '

628 2927 698 2993 par.
721 2909 747 2975 7.

191 3046 360 3131 Πυρκαεύς
376 3050 587 3114 Prometheus
614 3052 678 3114 iam
701 3051 742 3114 ad
768 3068 822 3114 eas
844 3052 1048 3130 cognomines
1069 3050 1195 3116 fabulas
1217 3069 1274 3114 nos

126 3148 1043 3231 produxit‚quarumalterampoetaalterotemporcedidit.
1073 3152 1180 3234 Atque
1190 3153 1229 3216 de
1238 3154 1274 3216 iis

124 3246 311 3330 principalem
319 3249 404 3312 hanc
416 3268 562 3314 normam
571 3253 710 3313 statuere
720 3250 792 3313 licet
794 3250 952 3332 ‚prioris
964 3250 1116 3314 titulum
1129 3271 1270 3316 merum

125 3371 300 3387 ᾓ--ι-

123 3438 212 3505 n;880
232 3440 281 3508 qui
299 3443 457 3495 autemcod
451 3444 546 3516 ςοΠρ
547 3447 642 3512 pycten
659 3441 738 3506 dixit,
759 3443 886 3512 Aeschyli
907 3443 980 3497 vitae
1001 3445 1107 3508 auctor,
1125 3444 1181 3497 dist
1169 3447 1241 3498 tract
1243 3461 1273 3497 ns

122 3517 164 3576 iam
182 3525 245 3594 sing
227 3526 306 3579 aulas
322 3527 432 3580 habuit.

176 3615 202 3678 1)
220 3613 260 3665 De
280 3612 452 3667 didascalicis
471 3613 763 3682 conscriptionibuscf
762 3614 898 3668 ..Boeckh
913 3614 940 3670 C.
954 3615 979 3668 J.
991 3613 1038 3670 Gr.
1059 3614 1109 3669 vol.
1133 3615 1153 3670 Ι
1170 3632 1197 3683 p.
1211 3615 1270 3668 350.

173 3697 199 3763 2)
218 3697 322 3751 'l'amcn
346 3704 389 3753 sat
389 3698 493 3768 yricum
520 3699 595 3768 prins
621 3700 743 3769 prodisse
771 3700 914 3755 contendit
935 3701 1061 3754 Dindorf.
1082 3700 1099 3754 l.
1120 3701 1150 3765 l.;
1189 3700 1272 3754 aliter

116 3777 214 3835 videtur
234 3782 389 3838 Wilemow.
408 3785 424 3838 l.
446 3785 463 3837 l.
482 3802 544 3837 oum
564 3785 641 3841 dicit:
675 3803 751 3840 »omn
778 3789 871 3839 autem
891 3787 1005 3840 eandem
1026 3804 1167 3857 personum
1189 3785 1272 3839 alteri

113 3868 265 3937 tragoediae
298 3870 445 3924 inscribere
475 3870 580 3924 vellent
610 3871 677 3939 (scil.
702 3871 827 3938 tragici),
861 3870 919 3924 fieri
947 3871 1040 3939 potnit
1074 3873 1106 3924 ut
1134 3870 1271 3925 sdiectivo

111 3956 263 4018 uterentur,
299 3972 467 4022 quamquam
504 3957 577 4024 apud
610 3956 777 4024 Aeschylum
808 3973 858 4009 nec
885 3956 990 4010 Glauco
1026 3973 1075 4008 nec
1109 3956 1272 4009 Prometheo

107 4040 243 4111 satyricae
264 4040 431 4095 didascalice
450 4058 587 4110 agnomen
606 4042 718 4095 aliunde
736 4046 834 4097 notum
852 4042 983 4097 addunt«.
