2782 4554
700 231 741 296 co
836 178 839 193 .

120 411 227 478 fabula
239 408 381 490 utitur¹).
405 410 450 474 Eo
461 409 554 490 igitur
567 409 687 473 facilius
701 409 779 473 eain
793 428 887 473 usum
899 411 1007 475 venire
1019 415 1154 493 poterat.
1180 415 1301 497 ltaque

119 513 254 594 priorem
285 510 369 574 hanc
392 510 457 590 ipse
487 508 659 589 Sophocles
690 506 858 572 Οἰδίποδα
893 510 1048 592 inscripsit
1084 512 1161 575 item
1194 516 1299 594 atque

117 610 295 692 Aeschylus
316 613 346 672 et
369 608 542 689 Euripides,
576 607 766 690 quibuscum
797 602 828 671 in
861 627 989 672 summa
1018 609 1132 674 saltem
1163 611 1297 675 fabulae

117 711 273 790 congruit.
315 708 351 771 ln
374 706 513 772 Cotoneo
540 712 651 771 autem
671 707 768 772 videri
797 712 900 788 potest
928 709 1060 773 certiore
1080 710 1188 774 indice
1209 730 1295 793 opus

119 811 223 886 fuisso,
243 808 399 890 siquidem
419 810 487 870 tota
509 807 589 871 haec
618 807 658 870 de
680 805 804 888 Oedipo
826 808 858 871 in
880 807 1003 872 Colono
1024 807 1134 873 fabula
1156 811 1293 892 propria

118 906 283 992 Sophoclis
322 925 360 970 ao
390 924 474 969 nova
511 908 581 969 erat
597 903 622 986 ).
678 905 801 970 Tamen
833 907 888 988 qui
920 926 992 971 eam
1025 908 1139 986 edidit,
1173 910 1292 974 minori

117 1007 267 1090 Sophocli
304 1005 390 1071 nulla
425 1006 504 1069 haec
539 1004 753 1085 distinguendi
783 1024 880 1070 causa
917 1010 1001 1083 erat3
1047 1008 1164 1072 edebat
1201 1011 1290 1073 enim

117 1107 177 1172 sub
198 1126 257 1170 suo
285 1104 434 1168 nimirum
465 1105 561 1184 ipsius
591 1105 729 1168 nomine.
773 1105 838 1169 Nec
860 1105 1092 1186 neglegendum
1114 1111 1176 1185 est,
1201 1109 1291 1190 quod

117 1207 174 1270 ἐπὶ
196 1205 335 1284 Κολωνῷ
355 1223 420 1267 non
439 1203 507 1267 sola
528 1207 560 1267 et
579 1223 644 1268 una
664 1205 843 1284 agnominis
862 1204 964 1269 torma
981 1204 1050 1282 luit,
1076 1207 1131 1270 sed
1148 1209 1291 1289 saepiae,

117 1306 203 1370 velut
225 1306 257 1369 in
276 1304 332 1379 illo
353 1307 553 1384 argumento,
575 1304 670 1367 etiam
693 1303 728 1364 ἐν
749 1305 797 1382 τῷ
816 1303 956 1384 Κολωνῷ
976 1307 1142 1387 reperitur.

69 1388 74 1401 ¹
198 1405 300 1469 Etiam
314 1403 427 1467 clarius
441 1423 490 1466 res
501 1422 535 1466 se
547 1403 646 1466 habet
657 1403 697 1466 de
708 1401 887 1484 Hippolytis
896 1405 1081 1486 Euripiden,
1096 1408 1290 1487 quaemto·

115 1502 277 1585 πτάμενος
294 1507 324 1567 el
344 1507 523 1584 στεφανίας
544 1501 594 1565 vel
619 1499 870 1584 στεφανηφόρος
888 1504 970 1568 inter
986 1524 1020 1568 se
1035 1505 1288 1586 distinguuntur.

115 1606 226 1686 Neque
244 1604 328 1667 enim
344 1603 406 1666 hae
424 1602 568 1666 diversae
586 1601 669 1665 duae
688 1603 825 1680 luerunt,
843 1603 900 1666 sed
918 1609 1106 1686 στεφανίας,
1124 1625 1165 1670 ea
1185 1626 1286 1689 quam

115 1724 174 1768 nos
192 1704 359 1780 habemur,
380 1704 522 1765 correcta
543 1699 789 1781 ualonaopsaoo
809 1702 905 1766 editio
926 1703 972 1785 (v.
981 1723 1047 1785 arg.
1056 1705 1129 1769 Eur.
1137 1704 1288 1788 Hippoi.)

63 1840 68 1845 -
117 1804 182 1868 Nec
204 1804 248 1866 ita
269 1802 376 1866 multis
404 1801 589 1865 testimoniis
610 1801 690 1865 haec
712 1802 885 1881 agnomina
912 1804 1068 1868 nituntur.
1110 1803 1287 1869 Καλόπτυ-

113 1925 209 1984 μενος
230 1903 313 1966 enim
336 1901 383 1964 bis
404 1904 529 1965 tantum
552 1901 711 1964 invenitur
733 1900 820 1980 (Eur.
840 1902 875 1964 sr.
897 1901 959 1966 445
980 1903 1059 1967 Pol.
1074 1905 1159 1981 9,50;
1185 1905 1288 1969 schol.

112 2003 248 2067 Theoor.
270 2001 314 2064 ld.
329 2001 387 2062 2v.
403 2001 450 2076 10,
471 2000 526 2063 uhi
546 2000 615 2063 cod.
628 2000 729 2062 Vana
751 1998 1081 2082 κατακαλοπτομένῳ,
1106 2000 1146 2066 αλ
1167 2003 1287 2067 καλου-

112 2101 259 2182 ussich),
271 2119 337 2163 non
349 2099 516 2176 invenitur,
531 2098 562 2161 id
574 2099 659 2179 qnod
673 2098 771 2178 pluris
783 2098 963 2163 faciendum
976 2104 1032 2178 est,
1044 2102 1098 2165 ubi
1110 2102 1201 2182 ipsae
1211 2104 1285 2167 reli-

71 2240 78 2251 ·
113 2201 207 2283 quiae
226 2200 418 2272 afferuntur3
447 2200 607 2278 superstes
634 2198 733 2260 altera
762 2197 903 2278 pleniore
924 2199 1017 2263 titulo
1036 2219 1199 2282 nusquam
1222 2204 1284 2266 nisi

112 2302 160 2362 ter
183 2303 314 2363 vocatur
329 2296 525 2379 (oaeqocsu'og
545 2316 612 2376 arg.
631 2296 703 2359 Eur.
718 2295 863 2377 Hippol.;
884 2296 1135 2382 στεφανηφόρος
1154 2301 1232 2366 Hes.
1255 2322 1286 2366 v.

110 2395 343 2479 ἀνασειράζων,
364 2396 516 2461 Priscian.
540 2415 571 2477 p.
592 2396 670 2459 1168
693 2395 741 2458 ed.
759 2394 914 2476 Putsoh.)‚
957 2398 1005 2462 Ac
1033 2403 1155 2480 spectes
1185 2402 1286 2465 etiam

109 2517 209 2580 quam
244 2497 327 2560 male
357 2497 436 2559 liaeo
466 2494 619 2559 adiectiva
648 2495 751 2576 posita
781 2495 852 2556 sint.
911 2495 994 2560 Nam
1031 2496 1285 2580 calvatonem

111 2617 172 2661 vox
192 2601 322 2679 sumpta
344 2597 484 2678 profecto
506 2595 548 2658 ab
578 2614 616 2657 ea
638 2613 734 2658 scena
757 2582 814 2672 est,
836 2595 869 2657 in
891 2614 956 2676 qua
979 2596 1179 2680 Hippolytus*
1193 2600 1282 2680 eogi-

110 2697 228 2760 tandus
266 2699 314 2759 est
347 2713 503 2758 novercae
539 2693 709 2757 Phaedrae
754 2712 897 2757 amorem
938 2695 1117 2759 confitentis
1153 2697 1283 2761 incestis

108 2795 214 2880 ¹uerbis
244 2794 336 2876 quasi
364 2792 528 2875 perculsus
557 2795 656 2873 caput
674 2795 760 2854 veste
790 2791 1005 2873 obvolvens).
1047 2793 1137 2858 Haeo
1166 2800 1280 2859 autem

110 2896 222 2976 capitis
243 2893 405 2958 obvolutio
425 2892 482 2980 etsi
504 2891 598 2973 quale
627 2891 667 2954 sit
687 2890 850 2972 Hippolyti
877 2891 1041 2971 ingenium
1060 2892 1224 2957 evidenter
1241 2913 1282 2958 ac

108 2994 279 3058 manifesto
307 2990 545 3075 quodammode
573 2990 725 3066 declarat,
753 3008 831 3052 num
858 2990 953 3053 etiam
985 2991 1016 3053 in
1037 2989 1130 3053 titulo
1151 2992 1281 3056 videtur

107 3093 276 3156 indicanda
311 3091 428 3154 fuisse?
480 3090 592 3153 Totius
625 3089 709 3151 enim
743 3087 952 3170 Hippolyteae
989 3088 1118 3152 fabulae
1147 3108 1279 3154 summa

107 3210 273 3272 unumque
319 3194 545 3270 argumentum
585 3191 632 3249 est
680 3186 930 3270 inexpugnabilis
977 3187 1028 3250 illa
1076 3188 1206 3251 castitas
1245 3195 1278 3253 et

108 3291 197 3372 quasi
221 3309 281 3353 sua
302 3309 336 3353 se
354 3290 470 3352 virtute
492 3286 666 3350 involvens
699 3286 760 3349 Sed
784 3283 991 3348 obvelationis
1013 3285 1107 3364 illius,
1128 3287 1152 3350 si
1175 3287 1276 3353 imam

105 3436 300 3448 --..-.-..

177 3519 203 3582 1)
221 3516 262 3570 De
280 3516 382 3583 Oedipo
400 3532 424 3567 v.
446 3515 497 3567 514
515 3515 543 3567 et
560 3531 586 3566 v.
605 3512 664 3578 925,
684 3513 717 3568 de
736 3511 811 3566 Laio.
832 3530 856 3566 v.
876 3513 950 3566 1043.

175 3603 202 3670 2)
223 3602 315 3655 Alium
332 3601 406 3655 enim
425 3598 644 3667 Oedipodearum
664 3615 755 3652 rerum
775 3598 880 3651 exitum
900 3597 1055 3666 Aeschylus
1072 3599 1101 3651 in
1119 3602 1234 3670 Septem
1253 3620 1277 3656 c.

106 3686 190 3740 Theb.
210 3690 239 3741 et
256 3687 400 3756 Euripides
418 3686 447 3741 in
466 3683 619 3738 Phoenissis
635 3684 765 3739 fecerent.

175 3775 202 3841 3)
221 3774 298 3838 Quod
321 3773 428 3828 Welck.
447 3772 528 3840 Trag.
548 3789 575 3838 p.
596 3772 646 3824 736
674 3770 753 3824 dicit:
784 3771 933 3825 »stobaeus
960 3770 1053 3824 oitisrt
1080 3771 1153 3824 nach
1175 3772 1276 3827 Schow

106 3859 209 3912 einmal
227 3860 307 3928 (5,16)
327 3863 353 3910 r'r
367 3858 510 3928 Ἱππολύτῳ
525 3859 541 3908 α’
560 3857 616 3910 und
635 3856 737 3911 einmal
759 3858 858 3923 (laio)
878 3860 905 3908 ἓν
920 3856 991 3908 Ἱππ.
1011 3857 1048 3925 τῷ
1065 3859 1276 3929 nutrimentum«,

105 3944 239 3998 editiones
257 3945 297 3998 ibi
315 3961 421 3998 merum
440 3943 585 4013 Hippolyti
604 3960 705 3997 nomen
724 3943 878 4011 perhibent.

173 4032 200 4097 l)
221 4030 259 4084 Cf.
280 4030 386 4084 Welclr.
405 4029 486 4097 Trag.
505 4047 532 4096 p.
552 4028 610 4080 739.
729 4033 733 4039 “
