2782 4554
690 225 709 294 9

115 407 307 487 Albanum¹l
338 412 370 473 et
398 406 622 485 Piraeeum),
653 412 761 472 tamen
793 408 874 473 haec
901 411 1083 477 testimonia
1112 433 1150 478 ea
1180 419 1289 478 carent

110 527 209 591 quam
229 509 386 585 ,vellemus
414 508 596 589 integritate
626 528 663 572 ac
686 508 857 589 diligentia.
902 508 993 587 Quae
1016 531 1092 575 vero
1116 512 1174 576 viri
1197 513 1280 576 docti

111 608 217 673 adhuc
231 609 270 672 de
292 606 338 671 his
358 608 451 672 rebus
473 612 748 690 exprompserunt,
771 628 854 691 quae
874 609 957 673 infra
973 611 1037 674 suis
1054 610 1195 695 quidque
1212 613 1281 676 loco

109 713 324 796 respiciemur,
347 709 639 775 animadversiones
653 712 779 773 tantum
799 713 874 774 sunt
888 695 939 774 hic
953 711 1015 775 illic
1030 713 1131 776 obiter
1145 714 1280 777 iniectae

111 831 169 877 nec
199 832 272 877 eam
301 811 451 876 exhibent
482 813 537 875 aut
565 829 673 874 rerum
703 812 828 892 copiam
857 814 914 876 aut
936 813 1182 893 argumentandi
1205 814 1280 891 vim,

112 932 213 995 quam
242 912 302 976 nisi
338 911 505 994 peculiaris
541 910 713 992 disputatio
744 913 908 991 praestare
937 913 988 977 vix
1020 914 1126 995 possit.
1175 913 1282 992 Quam

114 1012 201 1094 quod
231 1030 290 1092 ego
317 1010 382 1075 iam
403 1010 563 1092 suscipere
586 1028 700 1085 conor,
729 1013 898 1074 contentus
922 1032 976 1076 ero
999 1013 1061 1077 hoe
1083 1014 1168 1093 loco,
1197 1017 1224 1078 si
1246 1017 1286 1079 de

114 1111 261 1193 Aeschyli
276 1109 441 1192 Sophoclis
457 1109 612 1192 Euripidis
631 1108 812 1173 fabularum
830 1111 1011 1174 nominibus
1028 1111 1136 1194 aliqua
1152 1118 1286 1195 potuero

115 1211 164 1275 vel
187 1214 273 1276 certa
294 1211 344 1274 vel
366 1209 545 1292 probabilia
568 1208 732 1284 extricare,
755 1227 813 1272 nec
835 1209 911 1272 nihil
930 1211 1007 1273 mihi
1022 1211 1130 1275 fecisse
1145 1213 1286 1290 videbor,

114 1311 138 1376 si
169 1315 266 1378 modo
294 1312 450 1375 doctiores
476 1309 614 1374 excitare
644 1310 686 1374 ad
717 1309 776 1372 has
805 1309 900 1373 etiam
930 1330 980 1373 res
1010 1312 1096 1375 omni
1127 1332 1166 1375 ex
1194 1320 1287 1396 parte

116 1415 345 1497 explanandas.
388 1413 423 1478 ld
444 1413 538 1494 igitur
559 1412 652 1476 velim
676 1433 802 1478 mecum
827 1414 969 1479 animum
994 1413 1149 1491 intendas,
1171 1423 1208 1479 ut
1231 1437 1288 1499 per

117 1520 261 1580 veterum
291 1515 472 1579 testimonia
500 1514 542 1578 ad
570 1533 624 1578 eas
645 1514 807 1579 titulorum
833 1516 966 1591 tonnae,
994 1534 1074 1596 quas
1095 1515 1152 1597 ipsi
1174 1521 1288 1599 poetae

118 1617 328 1698 scripserunt,
367 1633 465 1698 quarn
495 1615 638 1696 proxime
665 1618 885 1695 penetremus,
922 1616 1016 1680 simul
1038 1621 1073 1679 ut
1105 1616 1143 1680 de
1163 1620 1288 1681 ratione

118 1716 232 1780 clarius
260 1713 415 1779 nonnulla
437 1733 630 1794 cognoscere
659 1713 768 1790 liceat,
798 1733 864 1797 qua
887 1716 1075 1796 posteriores
1097 1717 1128 1779 in
1155 1717 1289 1782 citandis

119 1815 233 1880 sabulis
280 1814 408 1895 egerint.
470 1813 518 1878 Ac
559 1812 717 1877 mittenda
759 1814 909 1879 nimirum
950 1834 988 1878 ea
1028 1816 1158 1879 nomina
1203 1821 1289 1891 sunl,

118 1914 159 1978 de
196 1914 312 1997 quibus
351 1914 393 1977 nil
433 1916 481 1976 est
517 1912 578 1976 hac
617 1930 655 1976 ex
694 1916 785 1994 parte
817 1915 904 1995 quod
945 1914 1123 1989 dubitetur;
1165 1934 1226 1980 nec
1259 1916 1288 1978 iu

119 2014 248 2077 diversis
283 2013 428 2077 codicum
467 2012 629 2094 scripturis
662 2013 771 2093 vagari
805 2011 943 2089 lubebit,
982 2012 1022 2076 de
1056 2015 1172 2095 quibus
1206 2034 1289 2096 quae

119 2131 270 2195 quaeres
292 2112 446 2176 editiones
466 2110 689 2193 suppeditant;
721 2131 781 2175 nec
802 2112 904 2191 magis
925 2111 956 2174 in
979 2116 1185 2192 argumenta,
1207 2132 1289 2194 quae

118 2213 192 2275 item
228 2211 380 2275 editiones
404 2210 564 2288 iudicant,
605 2210 829 2293 inquirendum
863 2210 938 2287 erit,
980 2211 1066 2292 quod
1094 2216 1125 2275 et
1160 2213 1291 2276 omnino
1327 2256 1329 2258 -

119 2310 162 2374 ab
183 2310 278 2375 huius
298 2307 587 2391 disputatiunculae
609 2309 739 2373 oonsilio
761 2309 850 2371 abest
873 2313 914 2386 et,
935 2314 973 2373 ut
994 2310 1076 2374 bene
1094 2310 1161 2374 fieri
1179 2312 1288 2392 possit,

67 2447 68 2450 =
120 2409 280 2476 subtiliore
313 2428 394 2490 opus
422 2411 468 2471 est
499 2425 596 2490 quam
628 2427 693 2489 qua
725 2425 784 2486 ego
814 2406 920 2472 adhuc
949 2412 1020 2471 utor
1042 2408 1157 2473 harum
1181 2430 1287 2474 rerum

119 2509 195 2574 satis
222 2508 317 2573 etiam
349 2507 539 2571 incertarum
571 2507 758 2587 cognitione.
803 2505 866 2570 Sed
893 2526 935 2570 ne
957 2506 1066 2570 alienis
1090 2507 1211 2590 laqueis
1233 2510 1290 2572 im·

120 2608 275 2691 plicemur
298 2626 379 2671 neve
403 2607 542 2670 iudicata
562 2607 669 2670 denuo
690 2606 876 2682 iudicentur,
899 2607 985 2670 bona
1007 2607 1070 2670 tide
1091 2608 1289 2690 recipiemus,

121 2727 205 2790 quae
226 2708 288 2770 iarn
310 2706 352 2772 ad
372 2707 437 2770 veri
456 2705 598 2788 aliquam
620 2704 856 2768 similitudinem
868 2706 925 2768 viri
937 2706 1020 2769 docti
1033 2706 1289 2787 produxerunn).
1328 2696 1330 2701 ’

192 2902 217 2968 l)
236 2900 314 2964 Quod
333 2898 480 2968 descripsit
497 2899 568 2969 Aug.
588 2897 742 2953 Boeokhius
760 2898 788 2952 (l.
808 2897 832 2952 J.
853 2898 898 2954 Gr.
918 2899 972 2953 vol.
992 2899 1041 2953 IlI.
1060 2918 1086 2952 n.
1105 2903 1180 2956 6047.

190 2989 220 3048 2)
246 2987 392 3055 Depietum
424 2985 460 3039 ab
491 2984 585 3038 Udalr.
611 2985 645 3038 de
668 2983 1076 3040 Wilamowitz-Moelleudorff
1101 2987 1129 3038 in
1155 2985 1291 3039 analectis

121 3071 277 3141 Euripideis
297 3071 385 3126 Berol.
405 3070 472 3124 1875
491 3088 517 3140 p.
537 3070 587 3124 138
605 3089 665 3139 sqq.

189 3161 216 3225 3)
241 3157 298 3212 Nec
323 3159 417 3211 tamen
438 3156 547 3226 ingredi
565 3156 594 3211 in
614 3156 831 3226 disputationem
858 3174 980 3226 possum,
1007 3159 1072 3224 quin
1099 3156 1229 3211 hocloco
1258 3175 1292 3212 ex

121 3243 214 3297 animo
238 3241 346 3312 gratias
370 3242 472 3310 egerim
493 3242 553 3296 viro
572 3242 730 3296 doctissimo
748 3245 892 3298 Theodoro
911 3244 998 3296 Bit-tio
1021 3242 1189 3311 praeceptori
1209 3243 1294 3296 earis-

121 3329 203 3392 simo,
230 3329 277 3396 qui
302 3329 330 3382 in
356 3331 432 3382 recte
457 3328 631 3383 instituenda
657 3346 690 3382 ea
715 3330 908 3383 liberalissssme
932 3330 996 3380 mihi
1018 3347 1073 3395 qua
1092 3333 1133 3381 est
1152 3345 1220 3397 erga
1240 3328 1295 3380 dis·

121 3414 227 3483 cipulos
253 3414 384 3468 comitate
411 3415 503 3468 adfuit
526 3416 612 3482 atque
637 3414 772 3484 imprimis
798 3415 825 3466 iu
847 3416 1024 3483 gravissimas
1043 3431 1089 3467 eas
1109 3413 1296 3482 cogitationes

122 3517 165 3554 me
184 3501 308 3563 adduxit,
327 3501 450 3568 quaeda
469 3500 625 3570 duplicibus
643 3500 733 3555 titulis
752 3501 925 3569 proferentur·
945 3503 1005 3567 (par
1051 3504 1087 3565 tl).
