<?xml version="1.0" encoding="UTF-8"?>
<!DOCTYPE html PUBLIC "-//W3C//DTD XHTML 1.0 Transitional//EN"
    "http://www.w3.org/TR/xhtml1/DTD/xhtml1-transitional.dtd">
<html xmlns="http://www.w3.org/1999/xhtml" xml:lang="en" lang="en">
 <head>
  <title>
</title>
<meta http-equiv="Content-Type" content="text/html;charset=utf-8" />
  <meta name='ocr-system' content='tesseract 3.04.00' />
  <meta name='ocr-capabilities' content='ocr_page ocr_carea ocr_par ocr_line ocrx_word'/>
</head>
<body>
  <div class='ocr_page' id='page_1' title='image "./degraecorumtrag00hippgoog_0042.png"; bbox 0 0 2782 4554; ppageno 0'>
   <div class='ocr_carea' id='block_1_1' title="bbox 679 219 721 283">
    <p class='ocr_par' dir='ltr' id='par_1_1' title="bbox 679 219 721 283">
     <span class='ocr_line' id='line_1_1' title="bbox 679 219 721 283; baseline 0 0"><span class='ocrx_word' id='word_1_1' title='bbox 679 219 721 283; x_wconf 67' lang='grc'><strong>93</strong></span> 
     </span>
    </p>
   </div>
   <div class='ocr_carea' id='block_1_2' title="bbox 78 395 1288 1156">
    <p class='ocr_par' dir='ltr' id='par_1_2' title="bbox 78 395 1288 1156">
     <span class='ocr_line' id='line_1_2' title="bbox 106 395 1277 480; baseline 0.001 -17"><span class='ocrx_word' id='word_1_2' title='bbox 106 397 247 463; x_wconf 88' lang='lat' dir='ltr'><strong>nominis</strong></span> <span class='ocrx_word' id='word_1_3' title='bbox 257 417 413 479; x_wconf 89' lang='lat' dir='ltr'><strong>personae</strong></span> <span class='ocrx_word' id='word_1_4' title='bbox 422 397 686 479; x_wconf 68' lang='lat' dir='ltr'><strong>cogitabanturh.</strong></span> <span class='ocrx_word' id='word_1_5' title='bbox 697 395 775 465; x_wconf 77' lang='lat' dir='ltr'><strong>Gur</strong></span> <span class='ocrx_word' id='word_1_6' title='bbox 792 399 910 476; x_wconf 89' lang='lat' dir='ltr'><strong>autem,</strong></span> <span class='ocrx_word' id='word_1_7' title='bbox 929 399 1016 480; x_wconf 90' lang='lat' dir='ltr'><strong>quod</strong></span> <span class='ocrx_word' id='word_1_8' title='bbox 1034 398 1068 462; x_wconf 87' lang='grc' dir='ltr'><strong>Ε.</strong></span> <span class='ocrx_word' id='word_1_9' title='bbox 1084 398 1126 463; x_wconf 89' lang='lat' dir='ltr'><strong>de</strong></span> <span class='ocrx_word' id='word_1_10' title='bbox 1141 398 1277 464; x_wconf 70' lang='lat' dir='ltr'><strong>leuben</strong></span> 
     </span>
     <span class='ocr_line' id='line_1_3' title="bbox 108 494 1278 580; baseline 0.001 -19"><span class='ocrx_word' id='word_1_11' title='bbox 108 496 145 578; x_wconf 80' lang='lat' dir='ltr'><strong>[l.</strong></span> <span class='ocrx_word' id='word_1_12' title='bbox 157 494 198 578; x_wconf 85' lang='lat' dir='ltr'><strong>l.)</strong></span> <span class='ocrx_word' id='word_1_13' title='bbox 214 496 366 579; x_wconf 87' lang='lat' dir='ltr'><strong>deposcit,</strong></span> <span class='ocrx_word' id='word_1_14' title='bbox 388 498 544 580; x_wconf 81' lang='lat' dir='ltr'>Aeschylo</span> <span class='ocrx_word' id='word_1_15' title='bbox 564 498 619 561; x_wconf 93' lang='lat' dir='ltr'><strong>uni</strong></span> <span class='ocrx_word' id='word_1_16' title='bbox 633 497 788 560; x_wconf 90' lang='lat' dir='ltr'><strong>eiusmodi</strong></span> <span class='ocrx_word' id='word_1_17' title='bbox 806 498 979 578; x_wconf 82' lang='lat' dir='ltr'>agnomina</span> <span class='ocrx_word' id='word_1_18' title='bbox 995 498 1201 562; x_wconf 88' lang='lat' dir='ltr'><strong>concedenda</strong></span> <span class='ocrx_word' id='word_1_19' title='bbox 1214 498 1278 562; x_wconf 88' lang='lat' dir='ltr'><strong>sint</strong></span> 
     </span>
     <span class='ocr_line' id='line_1_4' title="bbox 112 594 1277 679; baseline 0.004 -22"><span class='ocrx_word' id='word_1_20' title='bbox 112 597 148 658; x_wconf 92' lang='lat' dir='ltr'><strong>ut</strong></span> <span class='ocrx_word' id='word_1_21' title='bbox 163 594 359 676; x_wconf 74' lang='lat' dir='ltr'><strong>tragicorum</strong></span> <span class='ocrx_word' id='word_1_22' title='bbox 377 597 556 679; x_wconf 82' lang='lat' dir='ltr'><strong>principum</strong></span> <span class='ocrx_word' id='word_1_23' title='bbox 573 595 809 676; x_wconf 86' lang='lat' dir='ltr'><strong>vestustissimo,</strong></span> <span class='ocrx_word' id='word_1_24' title='bbox 833 615 892 677; x_wconf 82' lang='lat' dir='ltr'><strong>ego</strong></span> <span class='ocrx_word' id='word_1_25' title='bbox 908 615 973 660; x_wconf 93' lang='lat' dir='ltr'><strong>non</strong></span> <span class='ocrx_word' id='word_1_26' title='bbox 988 595 1145 677; x_wconf 82' lang='lat' dir='ltr'><strong>intellego.</strong></span> <span class='ocrx_word' id='word_1_27' title='bbox 1174 597 1277 662; x_wconf 91' lang='lat' dir='ltr'><strong>lmmo</strong></span> 
     </span>
     <span class='ocr_line' id='line_1_5' title="bbox 112 694 1276 776; baseline 0.001 -17"><span class='ocrx_word' id='word_1_28' title='bbox 112 695 197 776; x_wconf 90' lang='lat' dir='ltr'><strong>quod</strong></span> <span class='ocrx_word' id='word_1_29' title='bbox 226 695 360 760; x_wconf 90' lang='lat' dir='ltr'><strong>omnino</strong></span> <span class='ocrx_word' id='word_1_30' title='bbox 391 696 535 759; x_wconf 89' lang='lat' dir='ltr'><strong>videmus</strong></span> <span class='ocrx_word' id='word_1_31' title='bbox 564 694 789 775; x_wconf 88' lang='lat' dir='ltr'><strong>convenienter</strong></span> <span class='ocrx_word' id='word_1_32' title='bbox 820 694 864 758; x_wconf 90' lang='lat' dir='ltr'><strong>rei</strong></span> <span class='ocrx_word' id='word_1_33' title='bbox 891 699 1028 759; x_wconf 89' lang='lat' dir='ltr'><strong>naturae</strong></span> <span class='ocrx_word' id='word_1_34' title='bbox 1057 696 1089 758; x_wconf 95' lang='lat' dir='ltr'><strong>in</strong></span> <span class='ocrx_word' id='word_1_35' title='bbox 1120 695 1276 776; x_wconf 84' lang='lat' dir='ltr'><strong>prioribus</strong></span> 
     </span>
     <span class='ocr_line' id='line_1_6' title="bbox 78 793 1276 883; baseline 0.003 -27"><span class='ocrx_word' id='word_1_36' title='bbox 78 846 80 883; x_wconf 86' lang='lat'>;</span> <span class='ocrx_word' id='word_1_37' title='bbox 115 793 306 875; x_wconf 89' lang='lat' dir='ltr'><strong>temporibus</strong></span> <span class='ocrx_word' id='word_1_38' title='bbox 328 794 514 876; x_wconf 89' lang='lat' dir='ltr'><strong>ampliorem</strong></span> <span class='ocrx_word' id='word_1_39' title='bbox 537 815 604 858; x_wconf 90' lang='lat' dir='ltr'><strong>esse</strong></span> <span class='ocrx_word' id='word_1_40' title='bbox 628 794 835 876; x_wconf 74' lang='lat' dir='ltr'><strong>simplicitatis</strong></span> <span class='ocrx_word' id='word_1_41' title='bbox 855 794 930 871; x_wconf 82' lang='lat' dir='ltr'><strong>vim,</strong></span> <span class='ocrx_word' id='word_1_42' title='bbox 953 814 1061 858; x_wconf 92' lang='lat' dir='ltr'><strong>nonne</strong></span> <span class='ocrx_word' id='word_1_43' title='bbox 1082 796 1276 860; x_wconf 71' lang='lat' dir='ltr'>contendere</span> 
     </span>
     <span class='ocr_line' id='line_1_7' title="bbox 78 888 1288 975; baseline 0.002 -20"><span class='ocrx_word' id='word_1_44' title='bbox 78 898 83 963; x_wconf 76' lang='lat' dir='ltr'><strong>i</strong></span> <span class='ocrx_word' id='word_1_45' title='bbox 116 892 179 957; x_wconf 90' lang='lat' dir='ltr'><strong>licet</strong></span> <span class='ocrx_word' id='word_1_46' title='bbox 206 893 304 957; x_wconf 92' lang='lat' dir='ltr'><strong>etiam</strong></span> <span class='ocrx_word' id='word_1_47' title='bbox 334 894 366 957; x_wconf 94' lang='lat' dir='ltr'><strong>in</strong></span> <span class='ocrx_word' id='word_1_48' title='bbox 400 913 439 958; x_wconf 89' lang='lat' dir='ltr'><strong>ea</strong></span> <span class='ocrx_word' id='word_1_49' title='bbox 467 915 503 958; x_wconf 92' lang='lat' dir='ltr'><strong>re</strong></span> <span class='ocrx_word' id='word_1_50' title='bbox 532 894 685 958; x_wconf 88' lang='lat' dir='ltr'><strong>maiorem</strong></span> <span class='ocrx_word' id='word_1_51' title='bbox 715 888 910 974; x_wconf 79' lang='lat' dir='ltr'><strong>Aeschyleae</strong></span> <span class='ocrx_word' id='word_1_52' title='bbox 938 912 1036 975; x_wconf 91' lang='lat' dir='ltr'><strong>quam</strong></span> <span class='ocrx_word' id='word_1_53' title='bbox 1065 895 1288 974; x_wconf 74' lang='lat' dir='ltr'><strong>posteriorum.</strong></span> 
     </span>
     <span class='ocr_line' id='line_1_8' title="bbox 120 992 1275 1074; baseline 0.003 -20"><span class='ocrx_word' id='word_1_54' title='bbox 120 1011 239 1072; x_wconf 80' lang='lat' dir='ltr'><strong>poeseos</strong></span> <span class='ocrx_word' id='word_1_55' title='bbox 259 992 458 1056; x_wconf 74' lang='lat' dir='ltr'><strong>nativitatem</strong></span> <span class='ocrx_word' id='word_1_56' title='bbox 480 994 747 1074; x_wconf 87' lang='lat' dir='ltr'><strong>apparuisse‚·ut</strong></span> <span class='ocrx_word' id='word_1_57' title='bbox 768 1011 865 1073; x_wconf 88' lang='lat' dir='ltr'><strong>quam</strong></span> <span class='ocrx_word' id='word_1_58' title='bbox 887 992 1034 1055; x_wconf 86' lang='lat' dir='ltr'><strong>artissimi</strong></span> <span class='ocrx_word' id='word_1_59' title='bbox 1056 996 1161 1056; x_wconf 89' lang='lat' dir='ltr'><strong>essent</strong></span> <span class='ocrx_word' id='word_1_60' title='bbox 1182 993 1275 1058; x_wconf 90' lang='lat' dir='ltr'><strong>fabu-</strong></span> 
     </span>
     <span class='ocr_line' id='line_1_9' title="bbox 121 1089 1274 1156; baseline 0.003 -5"><span class='ocrx_word' id='word_1_61' title='bbox 121 1089 212 1155; x_wconf 84' lang='lat' dir='ltr'><strong>larum</strong></span> <span class='ocrx_word' id='word_1_62' title='bbox 245 1091 386 1154; x_wconf 78' lang='lat' dir='ltr'><strong>indices?</strong></span> <span class='ocrx_word' id='word_1_63' title='bbox 438 1091 503 1155; x_wconf 87' lang='lat' dir='ltr'><strong>Nec</strong></span> <span class='ocrx_word' id='word_1_64' title='bbox 538 1096 651 1154; x_wconf 89' lang='lat' dir='ltr'><strong>contra</strong></span> <span class='ocrx_word' id='word_1_65' title='bbox 688 1089 916 1155; x_wconf 86' lang='lat' dir='ltr'><strong>didascalicum</strong></span> <span class='ocrx_word' id='word_1_66' title='bbox 948 1091 1022 1153; x_wconf 88' lang='lat' dir='ltr'><strong>illud</strong></span> <span class='ocrx_word' id='word_1_67' title='bbox 1058 1091 1274 1156; x_wconf 89' lang='lat' dir='ltr'><strong>testimonium</strong></span> 
     </span>
    </p>
   </div>
   <div class='ocr_carea' id='block_1_3' title="bbox 124 1187 1276 1370">
    <p class='ocr_par' dir='ltr' id='par_1_3' title="bbox 124 1187 1276 1370">
     <span class='ocr_line' id='line_1_10' title="bbox 124 1187 1276 1275; baseline 0.002 -22"><span class='ocrx_word' id='word_1_68' title='bbox 124 1189 285 1271; x_wconf 85' lang='lat' dir='ltr'><strong>quidquam</strong></span> <span class='ocrx_word' id='word_1_69' title='bbox 312 1191 330 1251; x_wconf 92' lang='lat' dir='ltr'><strong>ii</strong></span> <span class='ocrx_word' id='word_1_70' title='bbox 362 1188 421 1253; x_wconf 93' lang='lat' dir='ltr'><strong>loci</strong></span> <span class='ocrx_word' id='word_1_71' title='bbox 449 1191 571 1267; x_wconf 86' lang='lat' dir='ltr'><strong>valent,</strong></span> <span class='ocrx_word' id='word_1_72' title='bbox 600 1191 654 1271; x_wconf 92' lang='lat' dir='ltr'><strong>qui</strong></span> <span class='ocrx_word' id='word_1_73' title='bbox 683 1187 821 1251; x_wconf 71' lang='lat' dir='ltr'><strong>advocor·</strong></span> <span class='ocrx_word' id='word_1_74' title='bbox 842 1191 993 1252; x_wconf 86' lang='lat' dir='ltr'><strong>exhibent</strong></span> <span class='ocrx_word' id='word_1_75' title='bbox 1008 1188 1167 1275; x_wconf 68' lang='lat' dir='ltr'><strong>(praeter</strong></span> <span class='ocrx_word' id='word_1_76' title='bbox 1188 1195 1276 1255; x_wconf 86' lang='lat' dir='ltr'><strong>cata·</strong></span> 
     </span>
     <span class='ocr_line' id='line_1_11' title="bbox 125 1287 1274 1370; baseline -0.001 -17"><span class='ocrx_word' id='word_1_77' title='bbox 125 1287 215 1369; x_wconf 73' lang='lat' dir='ltr'><strong>logum</strong></span> <span class='ocrx_word' id='word_1_78' title='bbox 245 1289 282 1351; x_wconf 81' lang='lat' dir='ltr'><strong>tr.</strong></span> <span class='ocrx_word' id='word_1_79' title='bbox 305 1289 344 1353; x_wconf 73' lang='lat' dir='ltr'><strong>a]</strong></span> <span class='ocrx_word' id='word_1_80' title='bbox 365 1288 478 1352; x_wconf 81' lang='lat' dir='ltr'><strong>anecd.</strong></span> <span class='ocrx_word' id='word_1_81' title='bbox 502 1289 599 1352; x_wconf 90' lang='lat' dir='ltr'><strong>Bekk.</strong></span> <span class='ocrx_word' id='word_1_82' title='bbox 622 1309 654 1370; x_wconf 91' lang='lat' dir='ltr'><strong>p.</strong></span> <span class='ocrx_word' id='word_1_83' title='bbox 676 1289 808 1365; x_wconf 41' lang='lat'><strong>3473&amp;</strong></span> <span class='ocrx_word' id='word_1_84' title='bbox 834 1288 873 1352; x_wconf 88' lang='lat' dir='ltr'><strong>fr.</strong></span> <span class='ocrx_word' id='word_1_85' title='bbox 894 1289 935 1351; x_wconf 70' lang='lat'><strong>29</strong></span> <span class='ocrx_word' id='word_1_86' title='bbox 956 1287 1060 1351; x_wconf 87' lang='lat' dir='ltr'><strong>Strab.</strong></span> <span class='ocrx_word' id='word_1_87' title='bbox 1084 1288 1123 1351; x_wconf 88' lang='lat'><strong>10</strong></span> <span class='ocrx_word' id='word_1_88' title='bbox 1144 1308 1175 1369; x_wconf 89' lang='lat' dir='ltr'><strong>p.</strong></span> <span class='ocrx_word' id='word_1_89' title='bbox 1196 1289 1274 1364; x_wconf 72' lang='lat'><strong>4473</strong></span> 
     </span>
    </p>
   </div>
   <div class='ocr_carea' id='block_1_4' title="bbox 78 1386 1275 3354">
    <p class='ocr_par' dir='ltr' id='par_1_4' title="bbox 78 1386 1275 3354">
     <span class='ocr_line' id='line_1_12' title="bbox 128 1386 1275 1470; baseline 0.003 -21"><span class='ocrx_word' id='word_1_90' title='bbox 128 1386 468 1451; x_wconf 78' lang='lat' dir='ltr'><strong>l.30vit.Arer.v01.</strong></span> <span class='ocrx_word' id='word_1_91' title='bbox 491 1389 510 1450; x_wconf 66' lang='lat'><strong>2</strong></span> <span class='ocrx_word' id='word_1_92' title='bbox 531 1408 562 1470; x_wconf 92' lang='lat' dir='ltr'><strong>p.</strong></span> <span class='ocrx_word' id='word_1_93' title='bbox 583 1389 662 1462; x_wconf 78' lang='grc'>430;</span> <span class='ocrx_word' id='word_1_94' title='bbox 684 1389 721 1451; x_wconf 88' lang='lat' dir='ltr'><strong>fr.</strong></span> <span class='ocrx_word' id='word_1_95' title='bbox 744 1389 923 1451; x_wconf 70' lang='lat' dir='ltr'><strong>arachen.</strong></span> <span class='ocrx_word' id='word_1_96' title='bbox 946 1389 966 1450; x_wconf 88' lang='grc'><strong>3</strong></span> <span class='ocrx_word' id='word_1_97' title='bbox 988 1406 1019 1467; x_wconf 82' lang='grc' dir='ltr'><strong>ρ.</strong></span> <span class='ocrx_word' id='word_1_98' title='bbox 1035 1387 1124 1454; x_wconf 73' lang='lat' dir='ltr'><strong>aral.</strong></span> <span class='ocrx_word' id='word_1_99' title='bbox 1168 1387 1275 1469; x_wconf 85' lang='lat' dir='ltr'><strong>Atque</strong></span> 
     </span>
     <span class='ocr_line' id='line_1_13' title="bbox 78 1485 1274 1567; baseline 0.002 -19"><span class='ocrx_word' id='word_1_100' title='bbox 78 1560 82 1567; x_wconf 31' lang='lat'>¹</span> <span class='ocrx_word' id='word_1_101' title='bbox 127 1486 204 1551; x_wconf 81' lang='lat' dir='ltr'><strong>eham</strong></span> <span class='ocrx_word' id='word_1_102' title='bbox 225 1487 401 1566; x_wconf 78' lang='lat' dir='ltr'><strong>genuinam</strong></span> <span class='ocrx_word' id='word_1_103' title='bbox 420 1488 654 1567; x_wconf 89' lang='lat' dir='ltr'><strong>inscriptionem</strong></span> <span class='ocrx_word' id='word_1_104' title='bbox 674 1489 755 1550; x_wconf 90' lang='lat' dir='ltr'><strong>inter</strong></span> <span class='ocrx_word' id='word_1_105' title='bbox 772 1492 893 1551; x_wconf 88' lang='lat' dir='ltr'><strong>ceteros</strong></span> <span class='ocrx_word' id='word_1_106' title='bbox 914 1486 999 1549; x_wconf 90' lang='lat' dir='ltr'><strong>locos</strong></span> <span class='ocrx_word' id='word_1_107' title='bbox 1019 1485 1274 1566; x_wconf 75' lang='lat' dir='ltr'><strong>dnoservarnnt,</strong></span> 
     </span>
     <span class='ocr_line' id='line_1_14' title="bbox 78 1583 1275 1668; baseline 0.003 -21"><span class='ocrx_word' id='word_1_108' title='bbox 78 1640 83 1663; x_wconf 41' lang='lat' dir='ltr'><strong>q</strong></span> <span class='ocrx_word' id='word_1_109' title='bbox 128 1583 175 1661; x_wconf 87' lang='lat' dir='ltr'><strong>ubi,</strong></span> <span class='ocrx_word' id='word_1_110' title='bbox 194 1603 269 1648; x_wconf 89' lang='lat' dir='ltr'><strong>cum</strong></span> <span class='ocrx_word' id='word_1_111' title='bbox 287 1583 431 1657; x_wconf 77' lang='grc' dir='ltr'><strong><em>Γλαῦκος</em></strong></span> <span class='ocrx_word' id='word_1_112' title='bbox 450 1586 611 1664; x_wconf 84' lang='lat' dir='ltr'><strong>laudatur,</strong></span> <span class='ocrx_word' id='word_1_113' title='bbox 632 1591 762 1668; x_wconf 89' lang='lat' dir='ltr'><strong>propter</strong></span> <span class='ocrx_word' id='word_1_114' title='bbox 778 1586 1030 1666; x_wconf 83' lang='lat' dir='ltr'><strong>fragmentorum</strong></span> <span class='ocrx_word' id='word_1_115' title='bbox 1047 1605 1176 1649; x_wconf 87' lang='lat' dir='ltr'><strong>sensum</strong></span> <span class='ocrx_word' id='word_1_116' title='bbox 1195 1587 1275 1650; x_wconf 89' lang='lat' dir='ltr'><strong>haec</strong></span> 
     </span>
     <span class='ocr_line' id='line_1_15' title="bbox 78 1683 1273 1768; baseline 0.002 -21"><span class='ocrx_word' id='word_1_117' title='bbox 78 1740 85 1765; x_wconf 48' lang='lat' dir='ltr'>f</span> <span class='ocrx_word' id='word_1_118' title='bbox 128 1684 222 1747; x_wconf 75' lang='lat' dir='ltr'><strong>nmini</strong></span> <span class='ocrx_word' id='word_1_119' title='bbox 243 1683 356 1748; x_wconf 89' lang='lat' dir='ltr'><strong>Glauci</strong></span> <span class='ocrx_word' id='word_1_120' title='bbox 376 1683 485 1749; x_wconf 78' lang='lat' dir='ltr'><strong>tabula</strong></span> <span class='ocrx_word' id='word_1_121' title='bbox 506 1686 718 1766; x_wconf 83' lang='lat' dir='ltr'><strong>intellegenda</strong></span> <span class='ocrx_word' id='word_1_122' title='bbox 737 1691 784 1748; x_wconf 89' lang='lat' dir='ltr'><strong>est</strong></span> <span class='ocrx_word' id='word_1_123' title='bbox 811 1685 865 1766; x_wconf 82' lang='lat' dir='ltr'><strong>(ir.</strong></span> <span class='ocrx_word' id='word_1_124' title='bbox 887 1685 925 1746; x_wconf 90' lang='lat'><strong>31</strong></span> <span class='ocrx_word' id='word_1_125' title='bbox 948 1684 1044 1747; x_wconf 85' lang='lat' dir='ltr'><strong>schol.</strong></span> <span class='ocrx_word' id='word_1_126' title='bbox 1066 1684 1158 1747; x_wconf 91' lang='lat' dir='ltr'><strong>Pind.</strong></span> <span class='ocrx_word' id='word_1_127' title='bbox 1180 1685 1273 1768; x_wconf 86' lang='lat' dir='ltr'><strong>Pylh.</strong></span> 
     </span>
     <span class='ocr_line' id='line_1_16' title="bbox 79 1782 1274 1865; baseline 0.005 -22"><span class='ocrx_word' id='word_1_128' title='bbox 79 1834 85 1865; x_wconf 22' lang='grc' dir='ltr'><strong>ι,</strong></span> <span class='ocrx_word' id='word_1_129' title='bbox 129 1782 180 1845; x_wconf 83' lang='lat' dir='ltr'><strong>lv.</strong></span> <span class='ocrx_word' id='word_1_130' title='bbox 198 1783 276 1856; x_wconf 65' lang='lat'><strong>1523</strong></span> <span class='ocrx_word' id='word_1_131' title='bbox 305 1782 341 1845; x_wconf 91' lang='lat' dir='ltr'><strong>lr.</strong></span> <span class='ocrx_word' id='word_1_132' title='bbox 366 1782 680 1849; x_wconf 75' lang='lat' dir='ltr'><strong>33s0h01.&#39;rneoer.</strong></span> <span class='ocrx_word' id='word_1_133' title='bbox 703 1784 747 1848; x_wconf 87' lang='lat' dir='ltr'><strong>ld.</strong></span> <span class='ocrx_word' id='word_1_134' title='bbox 770 1785 792 1847; x_wconf 79' lang='lat'>4</span> <span class='ocrx_word' id='word_1_135' title='bbox 812 1805 841 1848; x_wconf 90' lang='lat' dir='ltr'><strong>v.</strong></span> <span class='ocrx_word' id='word_1_136' title='bbox 864 1784 930 1862; x_wconf 71' lang='lat' dir='ltr'><strong>aa).</strong></span> <span class='ocrx_word' id='word_1_137' title='bbox 978 1782 1100 1848; x_wconf 89' lang='lat' dir='ltr'><strong>Contra</strong></span> <span class='ocrx_word' id='word_1_138' title='bbox 1119 1783 1152 1846; x_wconf 93' lang='lat' dir='ltr'><strong>in</strong></span> <span class='ocrx_word' id='word_1_139' title='bbox 1173 1784 1274 1849; x_wconf 90' lang='lat' dir='ltr'><strong>altera</strong></span> 
     </span>
     <span class='ocr_line' id='line_1_17' title="bbox 79 1876 1273 1965; baseline 0.003 -20"><span class='ocrx_word' id='word_1_140' title='bbox 79 1940 86 1959; x_wconf 71' lang='lat'>,</span> <span class='ocrx_word' id='word_1_141' title='bbox 128 1876 216 1945; x_wconf 80' lang='lat' dir='ltr'><strong>tabula</strong></span> <span class='ocrx_word' id='word_1_142' title='bbox 237 1881 420 1962; x_wconf 87' lang='lat' dir='ltr'><strong>laudanda,</strong></span> <span class='ocrx_word' id='word_1_143' title='bbox 443 1882 496 1946; x_wconf 90' lang='lat' dir='ltr'><strong>ubi</strong></span> <span class='ocrx_word' id='word_1_144' title='bbox 518 1885 647 1965; x_wconf 89' lang='lat' dir='ltr'><strong>quidem</strong></span> <span class='ocrx_word' id='word_1_145' title='bbox 671 1884 779 1947; x_wconf 88' lang='lat' dir='ltr'><strong>titulus</strong></span> <span class='ocrx_word' id='word_1_146' title='bbox 799 1883 946 1958; x_wconf 86' lang='lat' dir='ltr'><strong>affertur,</strong></span> <span class='ocrx_word' id='word_1_147' title='bbox 969 1901 1132 1963; x_wconf 87' lang='lat' dir='ltr'><strong>nusquam</strong></span> <span class='ocrx_word' id='word_1_148' title='bbox 1153 1888 1273 1948; x_wconf 86' lang='lat' dir='ltr'><strong>veteres</strong></span> 
     </span>
     <span class='ocr_line' id='line_1_18' title="bbox 78 1983 1272 2064; baseline 0.004 -23"><span class='ocrx_word' id='word_1_149' title='bbox 78 2025 86 2064; x_wconf 46' lang='lat'><strong>3</strong></span> <span class='ocrx_word' id='word_1_150' title='bbox 127 1983 270 2052; x_wconf 66' lang='grc' dir='ltr'><strong><em>Ποονοέως</em></strong></span> <span class='ocrx_word' id='word_1_151' title='bbox 296 1999 456 2060; x_wconf 83' lang='lat' dir='ltr'><strong>agnomen</strong></span> <span class='ocrx_word' id='word_1_152' title='bbox 478 1984 661 2047; x_wconf 88' lang='lat' dir='ltr'><strong>omiserunt.</strong></span> <span class='ocrx_word' id='word_1_153' title='bbox 704 1983 795 2059; x_wconf 85' lang='lat' dir='ltr'><strong>Quae</strong></span> <span class='ocrx_word' id='word_1_154' title='bbox 817 2002 879 2046; x_wconf 83' lang='lat' dir='ltr'><strong>vox</strong></span> <span class='ocrx_word' id='word_1_155' title='bbox 900 1983 973 2045; x_wconf 89' lang='lat' dir='ltr'><strong>inde</strong></span> <span class='ocrx_word' id='word_1_156' title='bbox 995 2000 1124 2063; x_wconf 88' lang='lat' dir='ltr'><strong>quoque</strong></span> <span class='ocrx_word' id='word_1_157' title='bbox 1145 1983 1272 2062; x_wconf 80' lang='lat' dir='ltr'><strong>genuini</strong></span> 
     </span>
     <span class='ocr_line' id='line_1_19' title="bbox 80 2080 1270 2165; baseline 0 -20"><span class='ocrx_word' id='word_1_158' title='bbox 80 2105 87 2145; x_wconf 93' lang='lat'><strong>.·.</strong></span> <span class='ocrx_word' id='word_1_159' title='bbox 126 2080 243 2159; x_wconf 78' lang='lat' dir='ltr'><strong>speciem</strong></span> <span class='ocrx_word' id='word_1_160' title='bbox 273 2081 420 2162; x_wconf 86' lang='lat' dir='ltr'><strong>accipit‚·</strong></span> <span class='ocrx_word' id='word_1_161' title='bbox 441 2084 527 2164; x_wconf 90' lang='lat' dir='ltr'><strong>quod</strong></span> <span class='ocrx_word' id='word_1_162' title='bbox 556 2103 631 2146; x_wconf 89' lang='lat' dir='ltr'><strong>cum</strong></span> <span class='ocrx_word' id='word_1_163' title='bbox 659 2085 788 2165; x_wconf 90' lang='lat' dir='ltr'><strong>propria</strong></span> <span class='ocrx_word' id='word_1_164' title='bbox 815 2083 924 2165; x_wconf 88' lang='lat' dir='ltr'><strong>aliqua</strong></span> <span class='ocrx_word' id='word_1_165' title='bbox 946 2083 1074 2145; x_wconf 90' lang='lat' dir='ltr'><strong>notione</strong></span> <span class='ocrx_word' id='word_1_166' title='bbox 1099 2081 1184 2144; x_wconf 86' lang='lat' dir='ltr'><strong>dicta</strong></span> <span class='ocrx_word' id='word_1_167' title='bbox 1205 2086 1270 2159; x_wconf 87' lang='lat' dir='ltr'><strong>est;</strong></span> 
     </span>
     <span class='ocr_line' id='line_1_20' title="bbox 78 2180 1270 2262; baseline -0.001 -19"><span class='ocrx_word' id='word_1_168' title='bbox 78 2222 87 2261; x_wconf 81' lang='lat' dir='ltr'><strong>z:</strong></span> <span class='ocrx_word' id='word_1_169' title='bbox 126 2183 157 2243; x_wconf 80' lang='lat' dir='ltr'><strong>est</strong></span> <span class='ocrx_word' id='word_1_170' title='bbox 181 2181 287 2260; x_wconf 92' lang='lat' dir='ltr'><strong>enim,</strong></span> <span class='ocrx_word' id='word_1_171' title='bbox 327 2183 362 2245; x_wconf 89' lang='lat' dir='ltr'><strong>ut</strong></span> <span class='ocrx_word' id='word_1_172' title='bbox 389 2180 575 2247; x_wconf 87' lang='lat' dir='ltr'><strong>Leutschius</strong></span> <span class='ocrx_word' id='word_1_173' title='bbox 605 2184 623 2245; x_wconf 94' lang='lat' dir='ltr'><strong>l.</strong></span> <span class='ocrx_word' id='word_1_174' title='bbox 656 2184 674 2246; x_wconf 90' lang='lat' dir='ltr'><strong>l.</strong></span> <span class='ocrx_word' id='word_1_175' title='bbox 706 2186 830 2259; x_wconf 89' lang='lat' dir='ltr'><strong>monet,</strong></span> <span class='ocrx_word' id='word_1_176' title='bbox 865 2183 947 2245; x_wconf 91' lang='lat' dir='ltr'><strong>idem</strong></span> <span class='ocrx_word' id='word_1_177' title='bbox 980 2184 1078 2262; x_wconf 89' lang='lat' dir='ltr'><strong>atque</strong></span> <span class='ocrx_word' id='word_1_178' title='bbox 1112 2180 1191 2258; x_wconf 78' lang='lat' dir='ltr'><strong>›e’r·,</strong></span> <span class='ocrx_word' id='word_1_179' title='bbox 1214 2181 1270 2242; x_wconf 77' lang='grc' dir='ltr'><strong>ἐπὶ</strong></span> 
     </span>
     <span class='ocr_line' id='line_1_21' title="bbox 78 2278 1265 2361; baseline 0 -23"><span class='ocrx_word' id='word_1_180' title='bbox 78 2326 88 2361; x_wconf 46' lang='lat' dir='ltr'><strong>q</strong></span> <span class='ocrx_word' id='word_1_181' title='bbox 126 2280 270 2356; x_wconf 79' lang='grc' dir='ltr'><strong><em>Ποτνιαῖς,</em></strong></span> <span class='ocrx_word' id='word_1_182' title='bbox 294 2278 352 2341; x_wconf 88' lang='lat' dir='ltr'><strong>der</strong></span> <span class='ocrx_word' id='word_1_183' title='bbox 372 2279 439 2343; x_wconf 85' lang='lat' dir='ltr'><strong>sich</strong></span> <span class='ocrx_word' id='word_1_184' title='bbox 462 2283 608 2361; x_wconf 84' lang='lat' dir='ltr'><strong>gewisser</strong></span> <span class='ocrx_word' id='word_1_185' title='bbox 624 2281 754 2344; x_wconf 88' lang='lat' dir='ltr'><strong>Zwecke</strong></span> <span class='ocrx_word' id='word_1_186' title='bbox 777 2301 888 2361; x_wconf 86' lang='lat' dir='ltr'><strong>wegen</strong></span> <span class='ocrx_word' id='word_1_187' title='bbox 911 2282 943 2342; x_wconf 92' lang='lat' dir='ltr'><strong>in</strong></span> <span class='ocrx_word' id='word_1_188' title='bbox 956 2279 1089 2342; x_wconf 89' lang='lat' dir='ltr'><strong>Potniae</strong></span> <span class='ocrx_word' id='word_1_189' title='bbox 1110 2280 1265 2343; x_wconf 55' lang='lat' dir='ltr'><strong>anshelm</strong></span> 
     </span>
     <span class='ocr_line' id='line_1_22' title="bbox 78 2371 1269 2463; baseline 0.003 -24"><span class='ocrx_word' id='word_1_190' title='bbox 78 2420 88 2463; x_wconf 44' lang='grc' dir='ltr'><strong>,Ξ</strong></span> <span class='ocrx_word' id='word_1_191' title='bbox 127 2371 216 2459; x_wconf 75' lang='lat' dir='ltr'><strong>ltaque</strong></span> <span class='ocrx_word' id='word_1_192' title='bbox 236 2377 380 2441; x_wconf 88' lang='lat' dir='ltr'><strong>marinus</strong></span> <span class='ocrx_word' id='word_1_193' title='bbox 392 2378 543 2457; x_wconf 84' lang='lat' dir='ltr'><strong>Glaucus,</strong></span> <span class='ocrx_word' id='word_1_194' title='bbox 566 2381 722 2463; x_wconf 89' lang='lat' dir='ltr'><strong>siquidem</strong></span> <span class='ocrx_word' id='word_1_195' title='bbox 745 2379 968 2460; x_wconf 89' lang='lat' dir='ltr'><strong>simpliciorem</strong></span> <span class='ocrx_word' id='word_1_196' title='bbox 989 2377 1114 2441; x_wconf 90' lang='lat' dir='ltr'><strong>tilulum</strong></span> <span class='ocrx_word' id='word_1_197' title='bbox 1137 2378 1269 2457; x_wconf 82' lang='lat' dir='ltr'><strong>ferebat,</strong></span> 
     </span>
     <span class='ocr_line' id='line_1_23' title="bbox 78 2475 1268 2562; baseline 0.001 -23"><span class='ocrx_word' id='word_1_198' title='bbox 78 2522 88 2562; x_wconf 55' lang='lat'><strong>,2</strong></span> <span class='ocrx_word' id='word_1_199' title='bbox 127 2475 190 2552; x_wconf 80' lang='lat' dir='ltr'><strong>prbr</strong></span> <span class='ocrx_word' id='word_1_200' title='bbox 216 2475 361 2558; x_wconf 80' lang='lat' dir='ltr'><strong>prodisse</strong></span> <span class='ocrx_word' id='word_1_201' title='bbox 388 2477 526 2543; x_wconf 90' lang='lat' dir='ltr'><strong>debebit.</strong></span> <span class='ocrx_word' id='word_1_202' title='bbox 574 2480 656 2543; x_wconf 90' lang='lat' dir='ltr'><strong>Nam</strong></span> <span class='ocrx_word' id='word_1_203' title='bbox 694 2499 751 2543; x_wconf 87' lang='lat' dir='ltr'><strong>cur</strong></span> <span class='ocrx_word' id='word_1_204' title='bbox 782 2478 960 2542; x_wconf 88' lang='lat' dir='ltr'><strong>Potniensis</strong></span> <span class='ocrx_word' id='word_1_205' title='bbox 989 2476 1145 2556; x_wconf 90' lang='lat' dir='ltr'><strong>posterior</strong></span> <span class='ocrx_word' id='word_1_206' title='bbox 1175 2477 1268 2540; x_wconf 83' lang='lat' dir='ltr'><strong>luisse</strong></span> 
     </span>
     <span class='ocr_line' id='line_1_24' title="bbox 78 2574 1025 2663; baseline -0.003 -23"><span class='ocrx_word' id='word_1_207' title='bbox 78 2620 87 2663; x_wconf 56' lang='lat'>3</span> <span class='ocrx_word' id='word_1_208' title='bbox 127 2578 254 2656; x_wconf 65' lang='lat' dir='ltr'><strong>laquem,</strong></span> <span class='ocrx_word' id='word_1_209' title='bbox 275 2574 423 2641; x_wconf 91' lang='lat' dir='ltr'><strong>idoneam</strong></span> <span class='ocrx_word' id='word_1_210' title='bbox 446 2596 506 2656; x_wconf 82' lang='lat' dir='ltr'><strong>ego</strong></span> <span class='ocrx_word' id='word_1_211' title='bbox 527 2597 658 2641; x_wconf 85' lang='lat' dir='ltr'><strong>causam</strong></span> <span class='ocrx_word' id='word_1_212' title='bbox 681 2579 789 2641; x_wconf 90' lang='lat' dir='ltr'><strong>adhuc</strong></span> <span class='ocrx_word' id='word_1_213' title='bbox 810 2597 873 2640; x_wconf 94' lang='lat' dir='ltr'><strong>non</strong></span> <span class='ocrx_word' id='word_1_214' title='bbox 896 2575 1025 2654; x_wconf 64' lang='lat' dir='ltr'><strong>videot).</strong></span> 
     </span>
     <span class='ocr_line' id='line_1_25' title="bbox 78 2674 1270 2763; baseline 0 -24"><span class='ocrx_word' id='word_1_215' title='bbox 78 2721 86 2763; x_wconf 63' lang='lat'><strong>3</strong></span> <span class='ocrx_word' id='word_1_216' title='bbox 168 2674 392 2757; x_wconf 79' lang='grc' dir='ltr'><strong><em>Μελανίππης</em></strong></span> <span class='ocrx_word' id='word_1_217' title='bbox 408 2695 526 2740; x_wconf 89' lang='lat' dir='ltr'><strong>nomen</strong></span> <span class='ocrx_word' id='word_1_218' title='bbox 543 2678 707 2758; x_wconf 83' lang='lat' dir='ltr'><strong>Euripides</strong></span> <span class='ocrx_word' id='word_1_219' title='bbox 726 2677 853 2740; x_wconf 90' lang='lat' dir='ltr'><strong>duabus</strong></span> <span class='ocrx_word' id='word_1_220' title='bbox 872 2675 986 2738; x_wconf 87' lang='lat' dir='ltr'><strong>fabulis</strong></span> <span class='ocrx_word' id='word_1_221' title='bbox 997 2674 1164 2754; x_wconf 87' lang='lat' dir='ltr'><strong>inscripsit,</strong></span> <span class='ocrx_word' id='word_1_222' title='bbox 1186 2694 1270 2756; x_wconf 89' lang='lat' dir='ltr'><strong>quae</strong></span> 
     </span>
     <span class='ocr_line' id='line_1_26' title="bbox 127 2771 1269 2856; baseline -0.001 -18"><span class='ocrx_word' id='word_1_223' title='bbox 127 2771 345 2856; x_wconf 77' lang='lat' dir='ltr'><strong>distinguuntur</strong></span> <span class='ocrx_word' id='word_1_224' title='bbox 379 2772 467 2855; x_wconf 81' lang='grc' dir='ltr'><strong><em>σοφή</em></strong></span> <span class='ocrx_word' id='word_1_225' title='bbox 502 2779 533 2838; x_wconf 89' lang='lat' dir='ltr'><strong>et</strong></span> <span class='ocrx_word' id='word_1_226' title='bbox 565 2775 734 2855; x_wconf 72' lang='lat' dir='ltr'><strong>deupoiccr.</strong></span> <span class='ocrx_word' id='word_1_227' title='bbox 785 2775 833 2839; x_wconf 82' lang='lat' dir='ltr'><strong>Ac</strong></span> <span class='ocrx_word' id='word_1_228' title='bbox 863 2775 902 2838; x_wconf 89' lang='lat' dir='ltr'><strong>de</strong></span> <span class='ocrx_word' id='word_1_229' title='bbox 932 2774 1130 2854; x_wconf 90' lang='lat' dir='ltr'><strong>temporibus</strong></span> <span class='ocrx_word' id='word_1_230' title='bbox 1158 2793 1269 2837; x_wconf 88' lang='lat' dir='ltr'><strong>earnm</strong></span> 
     </span>
     <span class='ocr_line' id='line_1_27' title="bbox 78 2869 1268 2955; baseline 0 -18"><span class='ocrx_word' id='word_1_231' title='bbox 78 2934 83 2955; x_wconf 17' lang='lat' dir='ltr'><strong>,q</strong></span> <span class='ocrx_word' id='word_1_232' title='bbox 125 2871 221 2938; x_wconf 80' lang='lat' dir='ltr'><strong>simus</strong></span> <span class='ocrx_word' id='word_1_233' title='bbox 239 2869 357 2954; x_wconf 76' lang='grc' dir='ltr'><strong>Ισοφήν</strong></span> <span class='ocrx_word' id='word_1_234' title='bbox 379 2879 483 2938; x_wconf 90' lang='lat' dir='ltr'><strong>actam</strong></span> <span class='ocrx_word' id='word_1_235' title='bbox 510 2895 577 2938; x_wconf 89' lang='lat' dir='ltr'><strong>esse</strong></span> <span class='ocrx_word' id='word_1_236' title='bbox 605 2879 680 2938; x_wconf 87' lang='lat' dir='ltr'><strong>ante</strong></span> <span class='ocrx_word' id='word_1_237' title='bbox 701 2874 748 2938; x_wconf 91' lang='lat' dir='ltr'><strong>Ol.</strong></span> <span class='ocrx_word' id='word_1_238' title='bbox 766 2874 883 2954; x_wconf 61' lang='lat'><strong>921⁸),</strong></span> <span class='ocrx_word' id='word_1_239' title='bbox 909 2869 1098 2952; x_wconf 77' lang='grc' dir='ltr'><strong><em>δοσμώοοδο</em></strong></span> <span class='ocrx_word' id='word_1_240' title='bbox 1125 2877 1197 2954; x_wconf 91' lang='lat' dir='ltr'><strong>post</strong></span> <span class='ocrx_word' id='word_1_241' title='bbox 1219 2872 1268 2938; x_wconf 88' lang='lat' dir='ltr'><strong>Ol.</strong></span> 
     </span>
     <span class='ocr_line' id='line_1_28' title="bbox 79 2960 1267 3054; baseline 0 -18"><span class='ocrx_word' id='word_1_242' title='bbox 79 2960 84 2980; x_wconf 63' lang='lat'><strong>²</strong></span> <span class='ocrx_word' id='word_1_243' title='bbox 125 2969 178 3050; x_wconf 65' lang='grc'><strong>883</strong></span> <span class='ocrx_word' id='word_1_244' title='bbox 197 2972 264 3036; x_wconf 82' lang='lat' dir='ltr'><strong>veri</strong></span> <span class='ocrx_word' id='word_1_245' title='bbox 284 2972 384 3035; x_wconf 89' lang='lat' dir='ltr'><strong>simile</strong></span> <span class='ocrx_word' id='word_1_246' title='bbox 401 2976 456 3051; x_wconf 90' lang='lat' dir='ltr'><strong>est,</strong></span> <span class='ocrx_word' id='word_1_247' title='bbox 481 2974 636 3054; x_wconf 88' lang='lat' dir='ltr'><strong>siquidem</strong></span> <span class='ocrx_word' id='word_1_248' title='bbox 654 2975 685 3036; x_wconf 93' lang='lat' dir='ltr'><strong>in</strong></span> <span class='ocrx_word' id='word_1_249' title='bbox 701 2974 856 3054; x_wconf 91' lang='lat' dir='ltr'><strong>ampliore</strong></span> <span class='ocrx_word' id='word_1_250' title='bbox 872 2972 966 3035; x_wconf 89' lang='lat' dir='ltr'><strong>huius</strong></span> <span class='ocrx_word' id='word_1_251' title='bbox 983 2972 1171 3052; x_wconf 85' lang='lat' dir='ltr'><strong>fragmento,</strong></span> <span class='ocrx_word' id='word_1_252' title='bbox 1193 2971 1267 3037; x_wconf 84' lang='lat' dir='ltr'><strong>Eur.</strong></span> 
     </span>
     <span class='ocr_line' id='line_1_29' title="bbox 78 3068 1270 3154; baseline -0.001 -21"><span class='ocrx_word' id='word_1_253' title='bbox 78 3130 81 3141; x_wconf 78' lang='grc'><strong><em>,</em></strong></span> <span class='ocrx_word' id='word_1_254' title='bbox 125 3068 150 3133; x_wconf 79' lang='lat' dir='ltr'><strong>lt.</strong></span> <span class='ocrx_word' id='word_1_255' title='bbox 165 3072 225 3135; x_wconf 72' lang='grc'><strong>495</strong></span> <span class='ocrx_word' id='word_1_256' title='bbox 245 3071 364 3136; x_wconf 85' lang='lat' dir='ltr'><strong>Athen.</strong></span> <span class='ocrx_word' id='word_1_257' title='bbox 389 3073 427 3135; x_wconf 73' lang='lat'><strong>14</strong></span> <span class='ocrx_word' id='word_1_258' title='bbox 447 3093 477 3153; x_wconf 85' lang='lat' dir='ltr'><strong>p.</strong></span> <span class='ocrx_word' id='word_1_259' title='bbox 500 3074 599 3151; x_wconf 76' lang='lat' dir='ltr'><strong>613d‚</strong></span> <span class='ocrx_word' id='word_1_260' title='bbox 632 3073 685 3136; x_wconf 88' lang='lat' dir='ltr'><strong>ubi</strong></span> <span class='ocrx_word' id='word_1_261' title='bbox 708 3073 843 3137; x_wconf 76' lang='lat' dir='ltr'><strong>traditur</strong></span> <span class='ocrx_word' id='word_1_262' title='bbox 864 3072 917 3133; x_wconf 79' lang='grc' dir='ltr'><strong>καὶ</strong></span> <span class='ocrx_word' id='word_1_263' title='bbox 939 3069 1119 3152; x_wconf 75' lang='grc' dir='ltr'><strong><em>Εὐριπίδης</em></strong></span> <span class='ocrx_word' id='word_1_264' title='bbox 1141 3071 1208 3133; x_wconf 84' lang='grc' dir='ltr'><strong>δ’ἐν</strong></span> <span class='ocrx_word' id='word_1_265' title='bbox 1229 3072 1270 3154; x_wconf 79' lang='grc' dir='ltr'><strong>τῆ</strong></span> 
     </span>
     <span class='ocr_line' id='line_1_30' title="bbox 126 3168 1268 3254; baseline 0 -23"><span class='ocrx_word' id='word_1_266' title='bbox 126 3168 286 3253; x_wconf 61' lang='lat' dir='ltr'><strong>desuetudo</strong></span> <span class='ocrx_word' id='word_1_267' title='bbox 313 3169 522 3254; x_wconf 79' lang='grc' dir='ltr'><strong><em>Μελανίππῃ</em></strong></span> <span class='ocrx_word' id='word_1_268' title='bbox 558 3173 634 3254; x_wconf 71' lang='grc' dir='ltr'><strong>ἕᾳη·</strong></span> <span class='ocrx_word' id='word_1_269' title='bbox 675 3172 805 3252; x_wconf 72' lang='grc' dir='ltr'><strong><em>ἀνδρῶν</em></strong></span> <span class='ocrx_word' id='word_1_270' title='bbox 835 3172 873 3233; x_wconf 85' lang='grc' dir='ltr'><strong>δε</strong></span> <span class='ocrx_word' id='word_1_271' title='bbox 901 3170 1015 3234; x_wconf 79' lang='grc' dir='ltr'><strong><em>πολλοὶ</em></strong></span> <span class='ocrx_word' id='word_1_272' title='bbox 1041 3172 1100 3232; x_wconf 82' lang='grc' dir='ltr'><strong><em>τοῦ</em></strong></span> <span class='ocrx_word' id='word_1_273' title='bbox 1134 3170 1268 3250; x_wconf 77' lang='grc' dir='ltr'><em>γέλωτος</em></span> 
     </span>
     <span class='ocr_line' id='line_1_31' title="bbox 122 3265 1267 3354; baseline 0.003 -26"><span class='ocrx_word' id='word_1_274' title='bbox 122 3265 220 3334; x_wconf 63' lang='grc' dir='ltr'><strong><em>οὕνεκα</em></strong></span> <span class='ocrx_word' id='word_1_275' title='bbox 237 3276 243 3354; x_wconf 86' lang='grc' dir='ltr'>Ι</span> <span class='ocrx_word' id='word_1_276' title='bbox 261 3271 401 3351; x_wconf 66' lang='lat' dir='ltr'><strong>duxerim</strong></span> <span class='ocrx_word' id='word_1_277' title='bbox 417 3270 552 3351; x_wconf 76' lang='grc' dir='ltr'><strong><em>χάριτος</em></strong></span> <span class='ocrx_word' id='word_1_278' title='bbox 567 3270 751 3354; x_wconf 73' lang='grc' dir='ltr'><strong><em>κερτόμους·</em></strong></span> <span class='ocrx_word' id='word_1_279' title='bbox 781 3271 843 3353; x_wconf 68' lang='grc' dir='ltr'><strong><em>ἐγοὶ</em></strong></span> <span class='ocrx_word' id='word_1_280' title='bbox 854 3271 894 3334; x_wconf 85' lang='lat' dir='ltr'><strong>de&#39;</strong></span> <span class='ocrx_word' id='word_1_281' title='bbox 907 3294 975 3345; x_wconf 86' lang='grc' dir='ltr'><strong>πως</strong></span> <span class='ocrx_word' id='word_1_282' title='bbox 994 3272 998 3348; x_wconf 95' lang='grc' dir='ltr'>Ι</span> <span class='ocrx_word' id='word_1_283' title='bbox 1017 3272 1103 3352; x_wconf 72' lang='lat' dir='ltr'><strong>ploni</strong></span> <span class='ocrx_word' id='word_1_284' title='bbox 1119 3269 1267 3351; x_wconf 79' lang='grc' dir='ltr'><strong><em>γελοίους,</em></strong></span> 
     </span>
    </p>
   </div>
   <div class='ocr_carea' id='block_1_5' title="bbox 124 3415 298 3441">
    <p class='ocr_par' dir='ltr' id='par_1_5' title="bbox 124 3415 298 3441">
     <span class='ocr_line' id='line_1_32' title="bbox 124 3415 298 3441; baseline 0 0"><span class='ocrx_word' id='word_1_285' title='bbox 124 3415 298 3441; x_wconf 23' lang='grc' dir='ltr'><strong>ἦ..</strong></span> 
     </span>
    </p>
   </div>
   <div class='ocr_carea' id='block_1_6' title="bbox 114 3505 1267 4079">
    <p class='ocr_par' dir='ltr' id='par_1_6' title="bbox 120 3505 1267 3750">
     <span class='ocr_line' id='line_1_33' title="bbox 176 3505 1267 3578; baseline -0.003 -18"><span class='ocrx_word' id='word_1_286' title='bbox 176 3507 199 3576; x_wconf 89' lang='grc'><strong>1)</strong></span> <span class='ocrx_word' id='word_1_287' title='bbox 224 3506 338 3560; x_wconf 86' lang='lat' dir='ltr'><strong>Praeter</strong></span> <span class='ocrx_word' id='word_1_288' title='bbox 356 3507 531 3562; x_wconf 86' lang='lat' dir='ltr'><strong>Potniensem</strong></span> <span class='ocrx_word' id='word_1_289' title='bbox 557 3508 641 3562; x_wconf 88' lang='lat' dir='ltr'><strong>etiam</strong></span> <span class='ocrx_word' id='word_1_290' title='bbox 662 3509 782 3563; x_wconf 89' lang='lat' dir='ltr'><strong>Glaucus</strong></span> <span class='ocrx_word' id='word_1_291' title='bbox 801 3508 900 3562; x_wconf 88' lang='lat' dir='ltr'><strong>Minois</strong></span> <span class='ocrx_word' id='word_1_292' title='bbox 921 3511 951 3563; x_wconf 85' lang='lat' dir='ltr'><strong>et</strong></span> <span class='ocrx_word' id='word_1_293' title='bbox 970 3507 1119 3578; x_wconf 85' lang='lat' dir='ltr'><strong>Pasiphaes</strong></span> <span class='ocrx_word' id='word_1_294' title='bbox 1136 3505 1206 3559; x_wconf 84' lang='lat' dir='ltr'><strong>lilius</strong></span> <span class='ocrx_word' id='word_1_295' title='bbox 1230 3505 1267 3557; x_wconf 89' lang='lat' dir='ltr'><strong>ab</strong></span> 
     </span>
     <span class='ocr_line' id='line_1_34' title="bbox 122 3591 1266 3665; baseline 0.001 -24"><span class='ocrx_word' id='word_1_296' title='bbox 122 3605 210 3661; x_wconf 78' lang='lat' dir='ltr'><strong>augure</strong></span> <span class='ocrx_word' id='word_1_297' title='bbox 228 3592 344 3662; x_wconf 82' lang='lat' dir='ltr'><strong>Polyido</strong></span> <span class='ocrx_word' id='word_1_298' title='bbox 361 3592 390 3646; x_wconf 88' lang='lat' dir='ltr'><strong>in</strong></span> <span class='ocrx_word' id='word_1_299' title='bbox 410 3593 493 3647; x_wconf 83' lang='lat' dir='ltr'><strong>vitam</strong></span> <span class='ocrx_word' id='word_1_300' title='bbox 512 3596 663 3658; x_wconf 88' lang='lat' dir='ltr'><strong>revocatus,</strong></span> <span class='ocrx_word' id='word_1_301' title='bbox 681 3595 715 3648; x_wconf 88' lang='lat' dir='ltr'><strong>de</strong></span> <span class='ocrx_word' id='word_1_302' title='bbox 734 3613 789 3663; x_wconf 90' lang='lat' dir='ltr'><strong>quo</strong></span> <span class='ocrx_word' id='word_1_303' title='bbox 808 3595 959 3663; x_wconf 83' lang='lat' dir='ltr'><strong>Aeschylus</strong></span> <span class='ocrx_word' id='word_1_304' title='bbox 972 3597 1098 3665; x_wconf 76' lang='grc' dir='ltr'><strong><em>Κρήοοος,</em></strong></span> <span class='ocrx_word' id='word_1_305' title='bbox 1118 3591 1266 3661; x_wconf 86' lang='lat' dir='ltr'><strong>Sophocles</strong></span> 
     </span>
     <span class='ocr_line' id='line_1_35' title="bbox 120 3676 717 3750; baseline 0.012 -23"><span class='ocrx_word' id='word_1_306' title='bbox 120 3676 214 3742; x_wconf 69' lang='grc' dir='ltr'><strong><em>μένεος,</em></strong></span> <span class='ocrx_word' id='word_1_307' title='bbox 234 3678 378 3748; x_wconf 81' lang='lat' dir='ltr'><strong>Euripides</strong></span> <span class='ocrx_word' id='word_1_308' title='bbox 395 3680 522 3733; x_wconf 72' lang='grc' dir='ltr'><strong>Πολύιδον</strong></span> <span class='ocrx_word' id='word_1_309' title='bbox 541 3682 717 3750; x_wconf 82' lang='lat' dir='ltr'><strong>scripserunt.</strong></span> 
     </span>
    </p>

    <p class='ocr_par' dir='ltr' id='par_1_7' title="bbox 174 3764 1019 3837">
     <span class='ocr_line' id='line_1_36' title="bbox 174 3764 1019 3837; baseline 0.004 -21"><span class='ocrx_word' id='word_1_310' title='bbox 174 3764 200 3833; x_wconf 82' lang='lat'><strong>2)</strong></span> <span class='ocrx_word' id='word_1_311' title='bbox 218 3766 256 3820; x_wconf 81' lang='lat' dir='ltr'><strong>ul.</strong></span> <span class='ocrx_word' id='word_1_312' title='bbox 276 3765 402 3821; x_wconf 82' lang='lat' dir='ltr'><strong>Dindorf.</strong></span> <span class='ocrx_word' id='word_1_313' title='bbox 421 3768 457 3821; x_wconf 88' lang='lat' dir='ltr'><strong>ad</strong></span> <span class='ocrx_word' id='word_1_314' title='bbox 475 3768 572 3821; x_wconf 85' lang='lat' dir='ltr'><strong>Aesch.</strong></span> <span class='ocrx_word' id='word_1_315' title='bbox 592 3768 690 3837; x_wconf 85' lang='lat' dir='ltr'><strong>fragm.</strong></span> <span class='ocrx_word' id='word_1_316' title='bbox 712 3785 738 3836; x_wconf 93' lang='lat' dir='ltr'><strong>p.</strong></span> <span class='ocrx_word' id='word_1_317' title='bbox 759 3768 819 3832; x_wconf 80' lang='lat'>102;</span> <span class='ocrx_word' id='word_1_318' title='bbox 838 3766 949 3819; x_wconf 86' lang='lat' dir='ltr'><strong>Wilam.</strong></span> <span class='ocrx_word' id='word_1_319' title='bbox 966 3765 985 3818; x_wconf 92' lang='lat' dir='ltr'><strong>l.</strong></span> <span class='ocrx_word' id='word_1_320' title='bbox 1000 3766 1019 3819; x_wconf 93' lang='lat' dir='ltr'><strong>l.</strong></span> 
     </span>
    </p>

    <p class='ocr_par' dir='ltr' id='par_1_8' title="bbox 114 3848 1266 4079">
     <span class='ocr_line' id='line_1_37' title="bbox 176 3848 1266 3923; baseline -0.001 -22"><span class='ocrx_word' id='word_1_321' title='bbox 176 3848 201 3916; x_wconf 85' lang='lat'><strong>3)</strong></span> <span class='ocrx_word' id='word_1_322' title='bbox 219 3849 334 3919; x_wconf 73' lang='lat' dir='ltr'><strong>Propter</strong></span> <span class='ocrx_word' id='word_1_323' title='bbox 351 3852 434 3906; x_wconf 75' lang='lat' dir='ltr'><strong>schol.</strong></span> <span class='ocrx_word' id='word_1_324' title='bbox 455 3855 500 3906; x_wconf 77' lang='lat' dir='ltr'><strong>Ar.</strong></span> <span class='ocrx_word' id='word_1_325' title='bbox 520 3854 632 3923; x_wconf 68' lang='lat' dir='ltr'><strong>Lysistr.</strong></span> <span class='ocrx_word' id='word_1_326' title='bbox 653 3872 678 3907; x_wconf 87' lang='lat' dir='ltr'><strong>v.</strong></span> <span class='ocrx_word' id='word_1_327' title='bbox 700 3855 778 3908; x_wconf 77' lang='lat'>1125:</span> <span class='ocrx_word' id='word_1_328' title='bbox 803 3855 815 3904; x_wconf 85' lang='grc' dir='ltr'>ὁ</span> <span class='ocrx_word' id='word_1_329' title='bbox 839 3858 927 3917; x_wconf 77' lang='grc' dir='ltr'><strong><em>οοίχος</em></strong></span> <span class='ocrx_word' id='word_1_330' title='bbox 949 3856 974 3903; x_wconf 67' lang='grc' dir='ltr'><strong>ἐκ</strong></span> <span class='ocrx_word' id='word_1_331' title='bbox 992 3851 1068 3917; x_wconf 77' lang='grc' dir='ltr'><strong><em>σοφῆς</em></strong></span> <span class='ocrx_word' id='word_1_332' title='bbox 1088 3851 1266 3916; x_wconf 77' lang='grc' dir='ltr'><strong><em>Μαλανίπιιης</em></strong></span> 
     </span>
     <span class='ocr_line' id='line_1_38' title="bbox 118 3930 1265 4011; baseline 0.006 -27"><span class='ocrx_word' id='word_1_333' title='bbox 118 3930 255 4005; x_wconf 57' lang='grc' dir='ltr'><strong><em>Ειῑοιπιδοο,</em></strong></span> <span class='ocrx_word' id='word_1_334' title='bbox 275 3941 304 3990; x_wconf 90' lang='lat' dir='ltr'><strong>et</strong></span> <span class='ocrx_word' id='word_1_335' title='bbox 324 3941 369 3991; x_wconf 79' lang='lat' dir='ltr'><strong>Ar.</strong></span> <span class='ocrx_word' id='word_1_336' title='bbox 387 3938 494 3996; x_wconf 87' lang='lat' dir='ltr'><strong>Thesm.</strong></span> <span class='ocrx_word' id='word_1_337' title='bbox 515 3959 538 3994; x_wconf 87' lang='lat' dir='ltr'><strong>v.</strong></span> <span class='ocrx_word' id='word_1_338' title='bbox 558 3941 608 3994; x_wconf 82' lang='lat'><strong>545</strong></span> <span class='ocrx_word' id='word_1_339' title='bbox 629 3958 697 4009; x_wconf 74' lang='lat' dir='ltr'><strong>sqq,</strong></span> <span class='ocrx_word' id='word_1_340' title='bbox 717 3957 788 4007; x_wconf 89' lang='lat' dir='ltr'><strong>quae</strong></span> <span class='ocrx_word' id='word_1_341' title='bbox 807 3937 1025 4011; x_wconf 78' lang='lat' dir='ltr'><strong>Aristophaneus</strong></span> <span class='ocrx_word' id='word_1_342' title='bbox 1037 3936 1077 3990; x_wconf 93' lang='lat' dir='ltr'><strong>Ol.</strong></span> <span class='ocrx_word' id='word_1_343' title='bbox 1090 3936 1147 4003; x_wconf 79' lang='grc'><strong>92,1</strong></span> <span class='ocrx_word' id='word_1_344' title='bbox 1167 3937 1265 3991; x_wconf 80' lang='lat' dir='ltr'><strong>doctae</strong></span> 
     </span>
     <span class='ocr_line' id='line_1_39' title="bbox 114 4020 177 4079; baseline -0.063 0"><span class='ocrx_word' id='word_1_345' title='bbox 114 4020 177 4079; x_wconf 78' lang='lat' dir='ltr'><strong>unt.</strong></span> 
     </span>
    </p>
   </div>
   <div class='ocr_carea' id='block_1_7' title="bbox 0 0 1396 4554">
    <p class='ocr_par' dir='ltr' id='par_1_9' title="bbox 0 0 1396 4554">
     <span class='ocr_line' id='line_1_40' title="bbox 0 0 1396 4554; baseline 0 3"><span class='ocrx_word' id='word_1_346' title='bbox 0 0 1396 4554; x_wconf 95' lang='lat' dir='ltr'><strong> </strong></span> 
     </span>
    </p>
   </div>
  </div>
 </body>
</html>
