2782 4554
684 238 722 308 io·

194 424 361 507 satyricae
382 425 490 487 autem
511 423 593 486 illius
614 423 677 486 iam
698 442 761 505 pro
782 426 869 488 certo
893 424 1054 490 affirmare
1077 427 1148 491 licet
1168 446 1281 492 verum

104 525 240 589 titulum
258 524 351 588 luisse
364 526 558 606 siccandam,
579 523 675 587 modo
691 541 730 586 ea
747 520 865 600 fabula,
887 542 970 605 quae
986 524 1018 587 in
1031 544 1154 604 argum.
1166 526 1280 591 Aesoh.

108 622 197 688 Pers.
222 622 424 705 Προμηθεύς
445 622 561 685 dicitur
586 621 662 701 (rid.
684 622 766 685 inter
787 623 978 686 didascalica
999 623 1181 704 fragmenta
1201 625 1282 689 inira

113 741 180 803 par.
209 722 282 803 15),
313 722 426 785 eadem
457 722 497 784 sil
526 723 624 802 alque
653 741 737 803 quae
758 723 898 802 pleniore
921 723 1050 786 nomine
1071 724 1157 805 apud
1181 743 1281 787 unum

114 820 276 886 Pollucem
296 822 345 886 bis
368 816 567 903 Προμηθεύς
588 818 751 899 πυρκαεύς
772 825 906 885 vocatur
929 822 982 904 (fr.
1004 823 1067 886 200
1087 823 1279 902 Poll.10‚d4‚
1366 874 1369 881 .

117 920 152 984 id.
173 920 295 1001 illoc).
342 921 465 984 Etenim
496 921 555 983 hoc
585 930 753 1000 πυρκαέως
780 940 941 1000 agnomen
968 922 1110 985 nondum
1137 924 1168 986 in
1189 923 1281 987 dida·

118 1020 281 1084 scaliarunr
327 1019 612 1101 conscriptionibus
656 1020 809 1083 exstitisse
852 1025 1076 1100 argumentum
1120 1023 1194 1087 illud
1241 1043 1279 1087 ex

124 1119 291 1184 didascaliis
314 1121 507 1196 derivatum,
529 1138 606 1200 prae
628 1138 694 1200 quo
715 1122 819 1182 cetera
840 1121 1020 1184 testimonia
1041 1121 1181 1200 sordent,
1203 1123 1279 1186 satis

88 1260 96 1277 -.
124 1219 272 1297 declarat3
313 1219 345 1282 in
384 1219 561 1283 didascaliis
598 1221 705 1281 autem
737 1237 791 1282 eas
822 1219 987 1282 titulorum
1018 1220 1135 1284 formas
1164 1220 1280 1285 debere

127 1319 247 1400 scriptas
278 1318 389 1396 luisse,
421 1337 501 1400 quas
528 1318 585 1398 ipsi
609 1321 722 1399 poetae
744 1318 974 1394 adhibuerant,
1003 1319 1054 1383 vix
1077 1324 1125 1383 est
1146 1321 1279 1385 omnino

127 1419 197 1499 quod
209 1419 417 1495 moneatur¹).
457 1417 569 1499 ltaque
581 1420 613 1480 el
624 1415 748 1496 trilogia
760 1417 813 1480 illa
824 1421 855 1480 el
865 1418 1000 1498 satyrica
1010 1418 1088 1481 haec
1098 1420 1279 1500 simpliciter

131 1515 313 1599 Προμηθεύς
335 1516 502 1597 inscriptae
522 1515 650 1592 fuerint,
674 1535 733 1579 nec
754 1514 828 1579 inde
848 1517 978 1597 quidem
1000 1517 1173 1581 diiudicare
1194 1518 1275 1596 licet,

130 1619 185 1679 utra
211 1618 298 1697 prior
324 1615 519 1696 prodieril²)‚
554 1633 613 1678 nec
645 1614 762 1694 magis,
790 1619 898 1677 utrum
930 1614 1122 1680 Promethea
1155 1616 1277 1696 trilogia
1358 1664 1362 1670 .

131 1714 197 1794 prior
223 1715 319 1779 docta
349 1715 401 1791 sii,
431 1733 490 1794 an,
524 1713 612 1777 cuius
641 1732 715 1795 pars
741 1713 823 1776 haec
844 1714 980 1795 satyrica
1003 1714 1077 1791 fuit,
1106 1715 1275 1778 Persarum

131 1812 291 1878 didascalia.

193 1913 339 1978 Ceterum
373 1911 459 1994 quod
487 1912 518 1977 in
541 1909 739 1973 Prometheis
762 1911 836 1973 item
859 1914 958 1991 atque
978 1911 1010 1974 in
1033 1911 1100 1974 aliis
1122 1911 1277 1974 eiusmodi

132 2009 221 2088 ritulis,
242 2012 297 2094 qui
320 2015 351 2074 el
372 2010 502 2092 proprio
518 2010 648 2089 nomine
665 2014 696 2072 et
709 2008 1065 2090 adiectivoel'ficiuntur,
1086 2011 1275 2075 adieclivum

133 2111 233 2173 nomini
270 2111 400 2192 proprio
435 2128 530 2190 saepe
563 2128 618 2188 per
648 2108 816 2172 articulum
844 2108 1039 2188 adiungitur,
1076 2109 1164 2173 velut
1195 2115 1278 2190 Προ-

132 2210 237 2290 μηθεῦς
259 2208 277 2271 ὁ
296 2206 463 2289 λυόμενος,
487 2206 644 2279 Οἰδίπους
665 2207 684 2268 o‘
705 2207 762 2269 ἐπὶ
784 2206 932 2287 Κολωνῷ,
946 2209 989 2272 'in
1013 2210 1193 2273 universum
1216 2210 1277 2273 hoc

132 2303 192 2386 beo,
213 2309 299 2392 quod
320 2328 377 2391 per
399 2328 432 2371 se
456 2311 554 2389 patet,
577 2307 772 2371 monendum
796 2311 857 2384 est,
879 2307 961 2388 ipsos
983 2314 1095 2389 poetas
1117 2304 1276 2389 agnomen
1319 2328 1322 2333 ’

132 2405 226 2470 omisso
255 2407 392 2471 articulo
423 2407 582 2470 addidisse
611 2409 709 2487 atque
738 2405 768 2468 id
795 2406 976 2486 praeposito
998 2408 1116 2470 nomini
1139 2407 1277 2488 proprio,

134 2504 228 2586 qnippe
248 2526 385 2589 quorum
408 2505 451 2569 nil
474 2505 648 2582 interesset,
674 2503 732 2567 nisi
755 2505 790 2567 ut
810 2523 964 2584 personae
986 2507 1110 2587 propria
1133 2505 1276 2570 condicio

119 2597 322 2682 indicaretur,
358 2604 525 2668 articulum
564 2621 727 2684 apponere
760 2605 1040 2682 grammaticorum
1072 2605 1183 2684 fuisse,
1221 2604 1276 2686 qui

133 2704 231 2769 ceriam
257 2702 399 2768 tabulam
421 2723 459 2767 ex
482 2701 723 2783 cognominibus
744 2701 936 2782 selegebant.
1026 2712 1030 2718 ’

631 2929 701 2995 par.
724 2911 750 2977 7.

193 3049 362 3134 Πυρκαεύς
379 3053 590 3116 Prometheus
617 3054 681 3117 iam
703 3053 745 3116 ad
772 3071 825 3116 eas
847 3054 1051 3132 cognomines
1072 3053 1195 3118 fabulas
1219 3073 1277 3117 nos

130 3150 268 3228 produxit,
279 3170 418 3232 quarum
429 3153 562 3216 alteram
572 3155 668 3234 poeta
679 3152 779 3215 altero
790 3156 933 3234 ternpore
941 3153 1046 3218 edidit.
1075 3155 1182 3238 Atque
1192 3157 1232 3218 de
1241 3157 1276 3218 iis

129 3248 313 3333 principalem
322 3251 407 3315 hanc
419 3272 564 3317 normam
574 3255 713 3315 statuere
723 3251 804 3329 licet,
815 3253 955 3333 prioris
967 3253 1119 3318 titulum
1132 3273 1273 3318 merum

103 3388 106 3393 Ι
129 3372 304 3390 ψ

129 3440 214 3508 u880;
235 3443 283 3510 qui
302 3446 396 3498 autern
415 3447 473 3505 τούς
491 3447 644 3517 Προμηθεῖς
662 3443 741 3507 dixit,
761 3443 890 3514 Aeschyli
910 3445 983 3500 vitae
1004 3448 1110 3511 auctor,
1129 3447 1275 3501 distractas

128 3517 168 3578 ian
186 3527 309 3597 singulas
323 3529 435 3583 habuit.
901 3550 904 3555 ⁴

180 3618 205 3680 l)
222 3615 263 3668 De
282 3615 455 3669 didascalicis
473 3615 721 3684 conscriptionibus
738 3616 771 3670 cf.
785 3617 902 3671 Boeckh.
916 3617 944 3672 O.
958 3617 982 3671 J.
995 3616 1041 3672 Gr.
1061 3617 1112 3671 vol.
1135 3617 1155 3671 I.
1173 3635 1199 3686 p.
1214 3617 1272 3671 350.

178 3699 202 3765 2)
221 3700 324 3753 'Pamen
349 3701 496 3770 satyricam
523 3702 597 3770 prius
624 3702 745 3770 prodisse
774 3702 917 3757 contendit
938 3703 1063 3756 Diodori.
1084 3702 1102 3757 l.
1123 3703 1153 3767 l.;
1191 3703 1274 3757 aliter

128 3775 218 3836 videm
237 3785 391 3840 Wilamow.
411 3787 427 3840 l.
449 3787 465 3840 l.
484 3804 546 3839 cum
566 3787 644 3843 dicit:
678 3806 754 3841 »curu
781 3792 873 3842 autem
894 3789 1008 3842 eandem
1029 3806 1170 3859 personum
1192 3789 1274 3842 alteri

128 3860 268 3935 tragoediae
301 3872 447 3926 inscribere
477 3873 581 3925 vellent
612 3872 680 3941 (scil.
705 3874 830 3941 tragici),
864 3873 922 3926 fieri
951 3873 1042 3942 potuit
1077 3876 1109 3927 ut
1137 3873 1273 3927 adieetivo

128 3951 266 4021 curentur,
302 3974 469 4025 quamquam
506 3959 579 4026 apud
613 3958 780 4026 Aeschylum
811 3975 860 4011 nee
887 3958 992 4012 Glauco
1029 3975 1078 4011 neo
1112 3959 1275 4012 Prometheo

130 4039 247 4105 alp-icae
267 4043 433 4097 didascaliae
453 4060 589 4112 agnomen
609 4045 721 4098 aliunde
740 4047 837 4098 notum
854 4044 986 4099 addunt«.

1101 4152 1136 4205 (ζῆ
