2782 4554
675 157 713 223 1a

107 336 333 416 grammaticus
363 337 625 400 commoditatem
650 336 815 418 quandam
838 335 1085 417 facilitatemque
1106 334 1262 416 appetisse.

109 436 202 501 Varia
223 440 331 500 autem
354 437 478 501 ratione
501 443 645 518 egerunt.

627 617 697 683 par.
722 598 758 664 4.

190 721 324 803 Saepius
347 724 430 786 enim
456 742 565 787 eorum
591 725 771 799 titulorum,
793 722 847 803 qui
870 741 908 785 ex
931 719 1127 802 appellativo
1153 718 1260 782 numine

108 826 140 885 et
167 840 206 884 ex
236 822 374 902 genitivo
406 824 526 905 proprii
556 826 694 888 nominis
722 823 796 888 inde
824 821 900 885 recti
926 823 1092 895 constant,
1125 819 1143 881 i.
1174 838 1198 880 e.
1221 817 1282 898 qui.

108 922 209 1002 ipsam
232 940 300 984 rem
319 920 474 997 indicant,
496 943 580 1004 quae
602 925 633 987 in
660 923 767 986 fabula
791 922 895 1001 agitur
910 921 953 1000 ¹),
975 919 1129 982 alterutra
1153 921 1257 980 tantun

109 1038 184 1101 pars
207 1025 385 1084 memorata
408 1025 464 1084 est.
500 1023 547 1085 Ac
571 1023 717 1104 propium
742 1020 873 1104 quidem
896 1039 1015 1082 nomeu
1038 1017 1182 1080 attulisse
1201 1014 1257 1078 satis

110 1117 312 1197 habuerunt,
352 1120 404 1201 qui
436 1121 647 1203 Aeschyleam
683 1119 811 1202 Φρύγας
839 1114 861 1202 ἢ
888 1115 1037 1198 Ἕκτορος
1073 1115 1178 1195 λύτρα
1211 1131 1257 1177 unc

100 1212 250 1294 Ἕκτορος
272 1218 403 1280 nomine
424 1217 556 1298 (Aesch.
577 1220 612 1282 fr.
625 1221 684 1283 259
706 1220 795 1283 Stoh.
811 1219 880 1281 tlor.
896 1215 998 1295 tuna)
1021 1219 1053 1280 et
1067 1213 1255 1296 Sophocleum

108 1313 230 1398 Ἐλέινγς
251 1314 434 1396 οἷπαίτησιν
460 1319 642 1400 simpliciter
666 1318 791 1400 Ἑλένην
815 1315 929 1397 (Soph.
955 1315 989 1378 fr.
1012 1314 1073 1377 inc.
1099 1313 1162 1376 660
1181 1309 1255 1376 schol.

110 1415 163 1476 Ar.
185 1415 241 1496 Eq.
255 1434 284 1477 v.
301 1418 353 1495 83)
375 1424 538 1481 vocarunt.
576 1420 610 1482 ln
632 1419 700 1482 aliis
718 1417 946 1499 appellativum
971 1433 1088 1478 nornen
1101 1413 1160 1476 toti
1184 1409 1255 1475 indici

109 1513 316 1577 substitutum
339 1519 394 1578 est.
430 1516 480 1580 Sic
498 1518 672 1600 Aeschyleo
690 1518 742 1580 illa
765 1517 860 1580 eliam
886 1513 1008 1594 Φρύγες
1027 1509 1051 1596 ἢ
1071 1511 1175 1593 λύτρα
1195 1528 1257 1574 nun·

110 1616 245 1693 cupatur
272 1613 401 1693 (Aesch.
418 1614 455 1678 fr.
478 1618 538 1680 ⁶256
562 1617 640 1680 Poll.
664 1618 692 1693 7,
718 1617 799 1687 131).
846 1615 922 1680 ltcm
953 1613 1132 1695 Sophoclea
1149 1608 1257 1690 Ἀχαιῶν

110 1709 262 1792 σύλλογος
297 1713 446 1792 laudatur
483 1714 636 1795 σύλλογος
669 1715 783 1796 [Suph.
814 1713 849 1776 tr.
882 1714 938 1776 149
972 1713 1045 1776 Hes.
1076 1713 1090 1774 1
1123 1733 1154 1794 p.
1182 1709 1259 1784 1155),

110 1810 308 1903 σύνδειπνον
325 1834 384 1894 pro
404 1814 535 1893 Ἀχαιῶν
558 1816 757 1879 σύνδειπνον
776 1814 828 1894 (ir.
855 1813 913 1877 143
934 1812 1031 1875 schol.
1055 1811 1154 1892 Soplr.
1178 1810 1223 1873 Αἰ.
1238 1823 1257 1867 l·

113 1911 183 1986 1903
207 1911 244 1974 fr.
261 1912 317 1974 147
337 1913 409 1976 Hes.
437 1916 449 1977 1
475 1936 504 1996 p.
524 1916 599 1991 1173
624 1916 659 1979 tr.
679 1915 737 1978 148
759 1912 855 1977 schol.
877 1911 975 1992 Soph.
998 1908 1078 1973 Oed.
1093 1909 1160 1974 Col.
1176 1931 1203 1973 v.
1217 1907 1260 1982 10l·

109 2009 173 2073 Sed
204 2011 243 2073 de
272 2011 319 2074 his
356 2014 538 2077 nominibus
573 2015 726 2095 quoniam
765 2011 983 2076 dubitationes
1013 2010 1120 2073 adhuc
1150 2006 1261 2078 restant,

110 2108 237 2172 uberius
255 2110 363 2193 paullo
386 2113 548 2192 agendum
567 2113 703 2176 videtur.
742 2112 892 2176 Prostant
913 2115 1021 2175 autem
1045 2108 1126 2173 tituli
1151 2107 1262 2188 Ἀχαιῶν

109 2205 269 2287 σύλλογος,
288 2207 449 2290 σύλλογος,
472 2208 673 2289 σύνδειπνοι,
696 2212 826 2290 Ἀχαιῶν
840 2208 1048 2285 σύνδειπνον,
1071 2206 1264 2273 σύνδειπνον.

108 2308 215 2388 Atque
235 2307 366 2386 Ἀχαιῶν
388 2309 530 2391 συλλόγῳ
551 2312 617 2375 sive
640 2309 784 2390 συλλόγῳ
800 2310 855 2373 riri
880 2309 961 2372 docti
986 2309 1068 2371 inter
1086 2328 1121 2370 se
1144 2325 1265 2372 consen·

108 2406 228 2483 tiunt2)
254 2414 480 2496 argumentum
503 2411 674 2474 tribuenda
701 2430 768 2473 esse
795 2429 849 2486 ea,
878 2428 961 2491 quae
989 2409 1029 2471 de
1056 2407 1185 2471 Achivis
1209 2425 1269 2472 nar·
1301 2420 1303 2455 ²

108 2510 222 2571 rantur
250 2513 326 2572 ante
348 2509 419 2572 belli
444 2509 573 2575 Troiani
599 2512 702 2592 ipsum
730 2509 852 2572 initium
876 2509 995 2572 Tenedi
1021 2505 1183 2588 paulisper
1206 2526 1270 2572 con·

109 2605 335 2684 sistentibus³t
385 2608 483 2691 Atqui
515 2612 611 2674 etiam
639 2611 818 2674 comissatio
841 2607 940 2671 fertur
965 2607 1006 2669 ibi
1035 2606 1179 2670 instituta
1202 2626 1273 2677 esse,

110 2725 134 2770 a·
151 2724 216 2788 qua
238 2710 270 2769 et
286 2707 481 2772 Philoctetae
500 2710 644 2772 miseriae
665 2713 696 2773 et
718 2707 822 2774 fatalis
840 2706 892 2771 illa
908 2707 991 2768 inter
1002 2708 1273 2785 Agamemnonem

109 2804 331 2887 Achillemque
362 2806 519 2872 discordia
551 2810 690 2890 primam
723 2808 875 2888 originem
912 2809 1085 2869 traxerunt.
1137 2804 1210 2883 Qua
1240 2806 1276 2869 de

110 2923 209 2968 causa
229 2923 295 2968 non
317 2906 493 2982 miraberis,
516 2909 601 2989 quod
625 2909 719 2971 etiam
743 2911 847 2971 cetera
869 2906 1000 2968 nomina
1023 2904 1063 2966 ad
1084 2904 1276 2968 Achivorum

108 3004 195 3067 illum
219 3009 413 3068 conventum
440 3006 622 3070 referuntur
642 3011 738 3090 atque
760 3005 897 3088 satyrica
920 3023 985 3066 una
1008 3003 1114 3066 tabula
1130 3005 1277 3067 statuitur

110 3102 226 3184 duplici
251 3103 300 3166 vel
329 3103 440 3185 triplici
469 3106 561 3171 titulo
588 3107 748 3188 inscripta.
807 3105 851 3169 At
877 3122 1005 3178 caveas,
1035 3123 1091 3178 ne,
1126 3123 1198 3166 curu
1237 3106 1275 3166 ita

111 3220 259 3278 censeas,
288 3202 427 3268 veritatis
450 3205 555 3268 minus
576 3225 674 3288 quam
698 3203 946 3287 opportunitatis
969 3202 1101 3265 videaris
1122 3204 1274 3266 rationem

111 3302 238 3366 habere.
279 3302 428 3385 Namque
449 3305 479 3367 in
504 3305 645 3368 diversas
669 3304 795 3368 fabulas
818 3304 866 3367 rel
887 3303 975 3384 ipsae
996 3291 1163 3365 nominum
1186 3304 1277 3385 signi·

111 3402 275 3467 ficationes
304 3404 449 3467 tendunt.
492 3404 606 3469 Nonne
635 3406 720 3468 enim
753 3408 821 3468 toto
852 3403 942 3466 caclo
965 3402 1109 3465 notiones
1132 3398 1279 3483 σύλλογος

111 3507 142 3566 et
165 3499 364 3565 σύνδειπνον
386 3504 467 3566 inter
497 3524 531 3567 se
562 3505 703 3568 distant?
745 3503 829 3579 Hoc,
865 3502 950 3585 quod
980 3501 1091 3563 Latine
1119 3507 1166 3564 est
1197 3524 1279 3577 ‚con-

113 3602 253 3681 vivium‘‚
274 3620 325 3664 res
340 3602 446 3665 hilaris
460 3607 507 3667 est
529 3608 558 3667 ei
576 3604 659 3668 vitae
671 3605 814 3686 privatae
832 3604 965 3681 ideoque
979 3602 1135 3681 satyricae
1155 3603 1280 3667 fabulae

113 3702 276 3776 convenit,
299 3700 375 3786 illud
405 3703 592 3781 ‚concilium‘
622 3722 672 3766 res
700 3703 805 3784 gravis
834 3706 865 3766 et
896 3701 1023 3783 publica
1052 3719 1187 3781 eamque
1219 3723 1281 3767 non

112 3804 286 3885 poterimus
317 3802 373 3865 nisi
403 3802 442 3867 de
470 3802 627 3867 severiore
657 3803 838 3883 tragoediae
873 3805 1064 3882 argumento
1093 3801 1282 3883 intellegere.

187 3949 212 4018 l)
231 3949 358 4001 Ceterum
378 3948 411 4002 of.
429 3949 463 4002 de
482 3948 616 4002 eiusmodi
634 3949 773 4003 iudicibus
790 3966 861 4017 quae
880 3949 1085 4016 ini‘ratpar.ltlt
1101 3948 1287 4014 proferentur.

127 4070 131 4082 .
183 4036 210 4103 2)
228 4033 349 4103 Excepto
368 4050 422 4087 uno
442 4033 557 4088 Schoell.
577 4034 596 4088 l.
615 4034 632 4089 l.
653 4053 679 4104 p.
697 4038 747 4090 255
767 4052 827 4103 sqq.

183 4121 211 4189 3)
232 4120 263 4175 V.
281 4117 388 4175 Nauck.
406 4117 425 4175 t
444 4118 462 4176 l.
481 4137 509 4190 p.
530 4118 580 4176 127
599 4136 640 4189 sq.
