<?xml version="1.0" encoding="UTF-8"?>
<!DOCTYPE html PUBLIC "-//W3C//DTD XHTML 1.0 Transitional//EN"
    "http://www.w3.org/TR/xhtml1/DTD/xhtml1-transitional.dtd">
<html xmlns="http://www.w3.org/1999/xhtml" xml:lang="en" lang="en">
 <head>
  <title>
</title>
<meta http-equiv="Content-Type" content="text/html;charset=utf-8" />
  <meta name='ocr-system' content='tesseract 3.04.00' />
  <meta name='ocr-capabilities' content='ocr_page ocr_carea ocr_par ocr_line ocrx_word'/>
</head>
<body>
  <div class='ocr_page' id='page_1' title='image "./degraecorumtrag00hippgoog_0064.png"; bbox 0 0 2782 4554; ppageno 0'>
   <div class='ocr_carea' id='block_1_1' title="bbox 631 237 673 304">
    <p class='ocr_par' dir='ltr' id='par_1_1' title="bbox 631 237 673 304">
     <span class='ocr_line' id='line_1_1' title="bbox 631 237 673 304; baseline 0.024 -1"><span class='ocrx_word' id='word_1_1' title='bbox 631 237 673 304; x_wconf 79' lang='lat'>45</span> 
     </span>
    </p>
   </div>
   <div class='ocr_carea' id='block_1_2' title="bbox 51 416 1276 2783">
    <p class='ocr_par' dir='ltr' id='par_1_2' title="bbox 51 416 1276 2783">
     <span class='ocr_line' id='line_1_2' title="bbox 142 416 1233 501; baseline 0.003 -18"><span class='ocrx_word' id='word_1_2' title='bbox 142 418 255 500; x_wconf 86' lang='lat' dir='ltr'>Atque</span> <span class='ocrx_word' id='word_1_3' title='bbox 279 416 467 501; x_wconf 76' lang='lat' dir='ltr'>aliquotiens</span> <span class='ocrx_word' id='word_1_4' title='bbox 487 419 655 500; x_wconf 86' lang='lat' dir='ltr'>poetarum</span> <span class='ocrx_word' id='word_1_5' title='bbox 673 417 803 482; x_wconf 88' lang='lat' dir='ltr'>nomina</span> <span class='ocrx_word' id='word_1_6' title='bbox 817 419 1077 500; x_wconf 79' lang='lat' dir='ltr'><strong>permiscuerunt.</strong></span> <span class='ocrx_word' id='word_1_7' title='bbox 1109 418 1233 486; x_wconf 76' lang='lat' dir='ltr'>Scilicet</span> 
     </span>
     <span class='ocr_line' id='line_1_3' title="bbox 56 515 1233 607; baseline 0.001 -24"><span class='ocrx_word' id='word_1_8' title='bbox 56 518 266 583; x_wconf 86' lang='lat' dir='ltr'>diversorum</span> <span class='ocrx_word' id='word_1_9' title='bbox 281 520 448 600; x_wconf 89' lang='lat' dir='ltr'>poetarum</span> <span class='ocrx_word' id='word_1_10' title='bbox 468 515 596 580; x_wconf 83' lang='lat' dir='ltr'>fabulae</span> <span class='ocrx_word' id='word_1_11' title='bbox 615 517 797 607; x_wconf 89' lang='lat' dir='ltr'>exstabant,</span> <span class='ocrx_word' id='word_1_12' title='bbox 819 537 956 600; x_wconf 85' lang='lat' dir='ltr'>quarum</span> <span class='ocrx_word' id='word_1_13' title='bbox 975 519 999 581; x_wconf 91' lang='lat' dir='ltr'>si</span> <span class='ocrx_word' id='word_1_14' title='bbox 1017 538 1081 582; x_wconf 89' lang='lat' dir='ltr'>non</span> <span class='ocrx_word' id='word_1_15' title='bbox 1093 522 1233 602; x_wconf 87' lang='lat' dir='ltr'>nomina,</span> 
     </span>
     <span class='ocr_line' id='line_1_4' title="bbox 55 616 1232 698; baseline 0.002 -17"><span class='ocrx_word' id='word_1_16' title='bbox 55 620 91 681; x_wconf 88' lang='lat' dir='ltr'>at</span> <span class='ocrx_word' id='word_1_17' title='bbox 122 619 322 698; x_wconf 81' lang='lat' dir='ltr'>argumenta</span> <span class='ocrx_word' id='word_1_18' title='bbox 347 616 468 680; x_wconf 87' lang='lat' dir='ltr'>eadem</span> <span class='ocrx_word' id='word_1_19' title='bbox 503 619 595 680; x_wconf 90' lang='lat' dir='ltr'>erant</span> <span class='ocrx_word' id='word_1_20' title='bbox 626 617 773 698; x_wconf 89' lang='lat' dir='ltr'>quamvis</span> <span class='ocrx_word' id='word_1_21' title='bbox 806 617 895 680; x_wconf 87' lang='lat' dir='ltr'>varia</span> <span class='ocrx_word' id='word_1_22' title='bbox 926 619 1048 683; x_wconf 89' lang='lat' dir='ltr'>ratione</span> <span class='ocrx_word' id='word_1_23' title='bbox 1086 621 1232 697; x_wconf 87' lang='lat' dir='ltr'>tractata,</span> 
     </span>
     <span class='ocr_line' id='line_1_5' title="bbox 54 716 1233 799; baseline -0.002 -17"><span class='ocrx_word' id='word_1_24' title='bbox 54 717 178 783; x_wconf 87' lang='lat' dir='ltr'>eadem</span> <span class='ocrx_word' id='word_1_25' title='bbox 201 716 287 799; x_wconf 89' lang='lat' dir='ltr'>apud</span> <span class='ocrx_word' id='word_1_26' title='bbox 310 716 417 799; x_wconf 85' lang='lat' dir='ltr'>piures</span> <span class='ocrx_word' id='word_1_27' title='bbox 434 720 519 794; x_wconf 88' lang='lat' dir='ltr'>erat,</span> <span class='ocrx_word' id='word_1_28' title='bbox 540 735 638 798; x_wconf 89' lang='lat' dir='ltr'>quarn</span> <span class='ocrx_word' id='word_1_29' title='bbox 663 721 784 780; x_wconf 87' lang='lat' dir='ltr'>veteres</span> <span class='ocrx_word' id='word_1_30' title='bbox 805 717 924 793; x_wconf 87' lang='lat' dir='ltr'>dicunt,</span> <span class='ocrx_word' id='word_1_31' title='bbox 946 720 1149 796; x_wconf 70' lang='grc' dir='ltr'><strong><em>μυθοποιίας</em></strong></span> <span class='ocrx_word' id='word_1_32' title='bbox 1178 718 1233 782; x_wconf 93' lang='lat' dir='ltr'>ubi</span> 
     </span>
     <span class='ocr_line' id='line_1_6' title="bbox 53 814 1233 898; baseline 0.001 -18"><span class='ocrx_word' id='word_1_33' title='bbox 53 820 173 881; x_wconf 83' lang='lat' dir='ltr'>autem</span> <span class='ocrx_word' id='word_1_34' title='bbox 194 816 277 879; x_wconf 89' lang='lat' dir='ltr'>inter</span> <span class='ocrx_word' id='word_1_35' title='bbox 293 816 409 879; x_wconf 86' lang='lat' dir='ltr'>similes</span> <span class='ocrx_word' id='word_1_36' title='bbox 424 815 549 879; x_wconf 87' lang='lat' dir='ltr'>fabulas</span> <span class='ocrx_word' id='word_1_37' title='bbox 568 835 632 878; x_wconf 90' lang='lat' dir='ltr'>una</span> <span class='ocrx_word' id='word_1_38' title='bbox 647 820 778 898; x_wconf 87' lang='lat' dir='ltr'>proptor</span> <span class='ocrx_word' id='word_1_39' title='bbox 790 817 1024 898; x_wconf 81' lang='lat' dir='ltr'>compositionis</span> <span class='ocrx_word' id='word_1_40' title='bbox 1036 814 1233 881; x_wconf 79' lang='lat' dir='ltr'>nobilitatem</span> 
     </span>
     <span class='ocr_line' id='line_1_7' title="bbox 54 899 1235 997; baseline 0.003 -20"><span class='ocrx_word' id='word_1_41' title='bbox 54 914 108 978; x_wconf 86' lang='lat' dir='ltr'>vel</span> <span class='ocrx_word' id='word_1_42' title='bbox 130 899 202 978; x_wconf 86' lang='lat' dir='ltr'>aiia</span> <span class='ocrx_word' id='word_1_43' title='bbox 226 913 265 977; x_wconf 89' lang='lat' dir='ltr'>de</span> <span class='ocrx_word' id='word_1_44' title='bbox 286 933 382 979; x_wconf 89' lang='lat' dir='ltr'>causa</span> <span class='ocrx_word' id='word_1_45' title='bbox 403 933 480 997; x_wconf 90' lang='lat' dir='ltr'>prae</span> <span class='ocrx_word' id='word_1_46' title='bbox 503 914 615 978; x_wconf 89' lang='lat' dir='ltr'>celeris</span> <span class='ocrx_word' id='word_1_47' title='bbox 636 914 785 997; x_wconf 84' lang='lat' dir='ltr'>placebat</span> <span class='ocrx_word' id='word_1_48' title='bbox 807 932 846 978; x_wconf 91' lang='lat' dir='ltr'>ac</span> <span class='ocrx_word' id='word_1_49' title='bbox 863 914 1049 996; x_wconf 84' lang='lat' dir='ltr'>pervulgata</span> <span class='ocrx_word' id='word_1_50' title='bbox 1064 915 1235 994; x_wconf 83' lang='lat' dir='ltr'>terebatur,</span> 
     </span>
     <span class='ocr_line' id='line_1_8' title="bbox 55 1014 1235 1097; baseline 0 -18"><span class='ocrx_word' id='word_1_51' title='bbox 55 1014 294 1080; x_wconf 84' lang='lat' dir='ltr'>facileevenire</span> <span class='ocrx_word' id='word_1_52' title='bbox 315 1017 451 1097; x_wconf 88' lang='lat' dir='ltr'>poterat,</span> <span class='ocrx_word' id='word_1_53' title='bbox 474 1018 508 1077; x_wconf 93' lang='lat' dir='ltr'>ut</span> <span class='ocrx_word' id='word_1_54' title='bbox 530 1015 562 1076; x_wconf 89' lang='lat' dir='ltr'>in</span> <span class='ocrx_word' id='word_1_55' title='bbox 585 1033 657 1078; x_wconf 92' lang='lat' dir='ltr'>eam</span> <span class='ocrx_word' id='word_1_56' title='bbox 680 1014 928 1093; x_wconf 85' lang='lat' dir='ltr'>cumularentur,</span> <span class='ocrx_word' id='word_1_57' title='bbox 947 1032 1030 1094; x_wconf 90' lang='lat' dir='ltr'>quae</span> <span class='ocrx_word' id='word_1_58' title='bbox 1048 1014 1128 1077; x_wconf 91' lang='lat' dir='ltr'>alius</span> <span class='ocrx_word' id='word_1_59' title='bbox 1139 1019 1235 1096; x_wconf 89' lang='lat' dir='ltr'>poeta</span> 
     </span>
     <span class='ocr_line' id='line_1_9' title="bbox 55 1113 1234 1195; baseline -0.002 -16"><span class='ocrx_word' id='word_1_60' title='bbox 55 1117 89 1179; x_wconf 91' lang='lat' dir='ltr'>in</span> <span class='ocrx_word' id='word_1_61' title='bbox 120 1113 220 1178; x_wconf 89' lang='lat' dir='ltr'>simili</span> <span class='ocrx_word' id='word_1_62' title='bbox 249 1114 427 1195; x_wconf 88' lang='lat' dir='ltr'>scripserat.</span> <span class='ocrx_word' id='word_1_63' title='bbox 472 1113 523 1176; x_wconf 89' lang='lat' dir='ltr'>Sic</span> <span class='ocrx_word' id='word_1_64' title='bbox 553 1113 702 1177; x_wconf 85' lang='lat' dir='ltr'>videniur</span> <span class='ocrx_word' id='word_1_65' title='bbox 732 1114 898 1177; x_wconf 89' lang='lat' dir='ltr'>demutato</span> <span class='ocrx_word' id='word_1_66' title='bbox 927 1114 1023 1176; x_wconf 89' lang='lat' dir='ltr'>etiam</span> <span class='ocrx_word' id='word_1_67' title='bbox 1049 1113 1151 1177; x_wconf 89' lang='lat' dir='ltr'>indice</span> <span class='ocrx_word' id='word_1_68' title='bbox 1173 1115 1234 1178; x_wconf 89' lang='lat' dir='ltr'>sub</span> 
     </span>
     <span class='ocr_line' id='line_1_10' title="bbox 55 1209 1276 1297; baseline -0.005 -18"><span class='ocrx_word' id='word_1_69' title='bbox 55 1212 268 1297; x_wconf 89' lang='lat' dir='ltr'>Sophocleae</span> <span class='ocrx_word' id='word_1_70' title='bbox 282 1213 429 1294; x_wconf 81' lang='grc' dir='ltr'><strong><em>Φαίδρας</em></strong></span> <span class='ocrx_word' id='word_1_71' title='bbox 444 1213 574 1277; x_wconf 86' lang='lat' dir='ltr'>nomine</span> <span class='ocrx_word' id='word_1_72' title='bbox 591 1213 723 1291; x_wconf 85' lang='lat' dir='ltr'>venisse,</span> <span class='ocrx_word' id='word_1_73' title='bbox 746 1232 829 1294; x_wconf 91' lang='lat' dir='ltr'>quae</span> <span class='ocrx_word' id='word_1_74' title='bbox 841 1212 1029 1294; x_wconf 81' lang='lat' dir='ltr'>Euripideae</span> <span class='ocrx_word' id='word_1_75' title='bbox 1039 1209 1236 1275; x_wconf 81' lang='grc' dir='ltr'><strong><em>Ἱππολύτου</em></strong></span> <span class='ocrx_word' id='word_1_76' title='bbox 1274 1253 1276 1257; x_wconf 51' lang='lat'><em>2</em></span> 
     </span>
     <span class='ocr_line' id='line_1_11' title="bbox 54 1310 1234 1399; baseline -0.002 -21"><span class='ocrx_word' id='word_1_77' title='bbox 54 1316 136 1378; x_wconf 91' lang='lat' dir='ltr'>sunt</span> <span class='ocrx_word' id='word_1_78' title='bbox 170 1311 261 1394; x_wconf 85' lang='lat' dir='ltr'>(Eur.</span> <span class='ocrx_word' id='word_1_79' title='bbox 292 1312 328 1399; x_wconf 64' lang='lat' dir='ltr'>b.</span> <span class='ocrx_word' id='word_1_80' title='bbox 355 1312 418 1376; x_wconf 76' lang='lat'>434</span> <span class='ocrx_word' id='word_1_81' title='bbox 448 1312 537 1375; x_wconf 86' lang='lat' dir='ltr'>Siob.</span> <span class='ocrx_word' id='word_1_82' title='bbox 564 1312 633 1376; x_wconf 84' lang='lat' dir='ltr'>lior.</span> <span class='ocrx_word' id='word_1_83' title='bbox 662 1310 778 1392; x_wconf 51' lang='lat'>6335)</span> <span class='ocrx_word' id='word_1_84' title='bbox 796 1310 821 1392; x_wconf 87' lang='grc'>).</span> <span class='ocrx_word' id='word_1_85' title='bbox 877 1311 943 1374; x_wconf 88' lang='lat' dir='ltr'>Nec</span> <span class='ocrx_word' id='word_1_86' title='bbox 970 1310 1047 1375; x_wconf 91' lang='lat' dir='ltr'>nihil</span> <span class='ocrx_word' id='word_1_87' title='bbox 1076 1311 1234 1376; x_wconf 89' lang='lat' dir='ltr'>interdum</span> 
     </span>
     <span class='ocr_line' id='line_1_12' title="bbox 56 1410 1236 1495; baseline -0.003 -16"><span class='ocrx_word' id='word_1_88' title='bbox 56 1415 166 1479; x_wconf 87' lang='lat' dir='ltr'>mirus</span> <span class='ocrx_word' id='word_1_89' title='bbox 190 1412 322 1495; x_wconf 90' lang='lat' dir='ltr'>quidam</span> <span class='ocrx_word' id='word_1_90' title='bbox 345 1413 376 1475; x_wconf 92' lang='lat' dir='ltr'>in</span> <span class='ocrx_word' id='word_1_91' title='bbox 398 1412 577 1489; x_wconf 73' lang='lat' dir='ltr'>sententie,</span> <span class='ocrx_word' id='word_1_92' title='bbox 600 1412 738 1476; x_wconf 88' lang='lat' dir='ltr'>maxime</span> <span class='ocrx_word' id='word_1_93' title='bbox 759 1412 792 1474; x_wconf 92' lang='lat' dir='ltr'>in</span> <span class='ocrx_word' id='word_1_94' title='bbox 812 1411 888 1474; x_wconf 90' lang='lat' dir='ltr'>iocis</span> <span class='ocrx_word' id='word_1_95' title='bbox 909 1410 1132 1474; x_wconf 90' lang='lat' dir='ltr'>communibus</span> <span class='ocrx_word' id='word_1_96' title='bbox 1155 1412 1236 1475; x_wconf 90' lang='lat' dir='ltr'>inter</span> 
     </span>
     <span class='ocr_line' id='line_1_13' title="bbox 53 1509 1234 1597; baseline -0.003 -20"><span class='ocrx_word' id='word_1_97' title='bbox 53 1517 180 1597; x_wconf 88' lang='lat' dir='ltr'>poetas</span> <span class='ocrx_word' id='word_1_98' title='bbox 191 1516 363 1576; x_wconf 88' lang='lat' dir='ltr'>concentus</span> <span class='ocrx_word' id='word_1_99' title='bbox 374 1510 518 1589; x_wconf 85' lang='lat' dir='ltr'>valuerit,</span> <span class='ocrx_word' id='word_1_100' title='bbox 537 1531 634 1593; x_wconf 90' lang='lat' dir='ltr'>quem</span> <span class='ocrx_word' id='word_1_101' title='bbox 646 1509 836 1592; x_wconf 86' lang='lat' dir='ltr'>aliquotiens</span> <span class='ocrx_word' id='word_1_102' title='bbox 849 1509 938 1573; x_wconf 88' lang='lat' dir='ltr'>nobis</span> <span class='ocrx_word' id='word_1_103' title='bbox 951 1510 1113 1591; x_wconf 88' lang='lat' dir='ltr'>percipere</span> <span class='ocrx_word' id='word_1_104' title='bbox 1125 1509 1234 1589; x_wconf 60' lang='lat' dir='ltr'>licere).</span> 
     </span>
     <span class='ocr_line' id='line_1_14' title="bbox 53 1594 1237 1695; baseline -0.003 -17"><span class='ocrx_word' id='word_1_105' title='bbox 53 1611 313 1695; x_wconf 88' lang='lat' dir='ltr'>Respiciendum</span> <span class='ocrx_word' id='word_1_106' title='bbox 334 1615 442 1676; x_wconf 87' lang='lat' dir='ltr'>autem</span> <span class='ocrx_word' id='word_1_107' title='bbox 461 1611 556 1675; x_wconf 88' lang='lat' dir='ltr'>etiam</span> <span class='ocrx_word' id='word_1_108' title='bbox 579 1612 640 1674; x_wconf 89' lang='lat' dir='ltr'>hoc</span> <span class='ocrx_word' id='word_1_109' title='bbox 664 1610 732 1673; x_wconf 88' lang='lat' dir='ltr'>erit.</span> <span class='ocrx_word' id='word_1_110' title='bbox 766 1608 801 1672; x_wconf 95' lang='lat' dir='ltr'>in</span> <span class='ocrx_word' id='word_1_111' title='bbox 814 1594 911 1673; x_wconf 81' lang='lat' dir='ltr'>scho&#39;i.</span> <span class='ocrx_word' id='word_1_112' title='bbox 927 1609 969 1673; x_wconf 92' lang='lat' dir='ltr'>ad</span> <span class='ocrx_word' id='word_1_113' title='bbox 984 1609 1237 1691; x_wconf 77' lang='lat' dir='ltr'>AristophAch.</span> 
     </span>
     <span class='ocr_line' id='line_1_15' title="bbox 52 1705 1237 1793; baseline -0.007 -17"><span class='ocrx_word' id='word_1_114' title='bbox 52 1733 85 1777; x_wconf 79' lang='lat' dir='ltr'>v.</span> <span class='ocrx_word' id='word_1_115' title='bbox 112 1712 182 1776; x_wconf 67' lang='lat'>332</span> <span class='ocrx_word' id='word_1_116' title='bbox 200 1731 286 1793; x_wconf 74' lang='lat' dir='ltr'>sqq,</span> <span class='ocrx_word' id='word_1_117' title='bbox 316 1711 383 1774; x_wconf 61' lang='lat' dir='ltr'>ubl*</span> <span class='ocrx_word' id='word_1_118' title='bbox 399 1710 536 1774; x_wconf 83' lang='lat' dir='ltr'>traditur</span> <span class='ocrx_word' id='word_1_119' title='bbox 565 1710 609 1771; x_wconf 77' lang='grc' dir='ltr'>τοὶ</span> <span class='ocrx_word' id='word_1_120' title='bbox 640 1709 678 1770; x_wconf 78' lang='grc' dir='ltr'>δὲ</span> <span class='ocrx_word' id='word_1_121' title='bbox 707 1706 834 1789; x_wconf 72' lang='grc' dir='ltr'><strong><em>μεγάλα</em></strong></span> <span class='ocrx_word' id='word_1_122' title='bbox 861 1706 961 1789; x_wconf 74' lang='grc' dir='ltr'>παθη</span> <span class='ocrx_word' id='word_1_123' title='bbox 984 1705 1160 1784; x_wconf 73' lang='grc' dir='ltr'><strong><em>τῖποπαίζει</em></strong></span> <span class='ocrx_word' id='word_1_124' title='bbox 1181 1711 1237 1790; x_wconf 79' lang='grc' dir='ltr'>τῆς</span> 
     </span>
     <span class='ocr_line' id='line_1_16' title="bbox 51 1794 1237 1895; baseline -0.004 -22"><span class='ocrx_word' id='word_1_125' title='bbox 51 1794 263 1895; x_wconf 65' lang='grc' dir='ltr'><strong><em>τραγῳδίας,</em></strong></span> <span class='ocrx_word' id='word_1_126' title='bbox 287 1810 361 1872; x_wconf 80' lang='grc' dir='ltr'><strong><em>ἐπεὶ</em></strong></span> <span class='ocrx_word' id='word_1_127' title='bbox 382 1811 436 1871; x_wconf 80' lang='grc' dir='ltr'>καὶ</span> <span class='ocrx_word' id='word_1_128' title='bbox 456 1808 476 1870; x_wconf 82' lang='grc' dir='ltr'>ὁ</span> <span class='ocrx_word' id='word_1_129' title='bbox 500 1808 648 1892; x_wconf 71' lang='grc' dir='ltr'><strong><em>Τήλεφος</em></strong></span> <span class='ocrx_word' id='word_1_130' title='bbox 665 1807 750 1869; x_wconf 75' lang='lat' dir='ltr'>nacci</span> <span class='ocrx_word' id='word_1_131' title='bbox 774 1808 834 1869; x_wconf 75' lang='grc' dir='ltr'>τόν</span> <span class='ocrx_word' id='word_1_132' title='bbox 851 1806 1096 1888; x_wconf 68' lang='grc' dir='ltr'><strong><em>τραγῳδοποιόν</em></strong></span> <span class='ocrx_word' id='word_1_133' title='bbox 1117 1805 1237 1886; x_wconf 78' lang='grc' dir='ltr'><em>Αἰσχύ-</em></span> 
     </span>
     <span class='ocr_line' id='line_1_17' title="bbox 51 1898 1239 1991; baseline -0.004 -18"><span class='ocrx_word' id='word_1_134' title='bbox 51 1910 129 1988; x_wconf 74' lang='grc' dir='ltr'><strong><em>λον,</em></strong></span> <span class='ocrx_word' id='word_1_135' title='bbox 166 1904 225 1970; x_wconf 74' lang='grc' dir='ltr'>ἵνα</span> <span class='ocrx_word' id='word_1_136' title='bbox 251 1906 334 1991; x_wconf 76' lang='grc' dir='ltr'>τύχῃ</span> <span class='ocrx_word' id='word_1_137' title='bbox 361 1909 452 1990; x_wconf 74' lang='grc' dir='ltr'><strong><em>παραὶ</em></strong></span> <span class='ocrx_word' id='word_1_138' title='bbox 481 1913 549 1982; x_wconf 84' lang='grc' dir='ltr'><strong><em>τοῖς</em></strong></span> <span class='ocrx_word' id='word_1_139' title='bbox 560 1906 693 1990; x_wconf 80' lang='grc' dir='ltr'><em>Ἕλλησι</em></span> <span class='ocrx_word' id='word_1_140' title='bbox 721 1911 890 1988; x_wconf 76' lang='grc' dir='ltr'><strong><em>σωτηρίας,</em></strong></span> <span class='ocrx_word' id='word_1_141' title='bbox 920 1907 979 1968; x_wconf 76' lang='lat' dir='ltr'>ada·</span> <span class='ocrx_word' id='word_1_142' title='bbox 998 1905 1149 1988; x_wconf 75' lang='grc' dir='ltr'><strong><em>Ὀρέστην</em></strong></span> <span class='ocrx_word' id='word_1_143' title='bbox 1170 1898 1239 1986; x_wconf 79' lang='grc' dir='ltr'><em>εἶχε</em></span> 
     </span>
     <span class='ocr_line' id='line_1_18' title="bbox 52 1994 1234 2089; baseline -0.004 -15"><span class='ocrx_word' id='word_1_144' title='bbox 52 1994 243 2089; x_wconf 68' lang='grc' dir='ltr'><strong><em>συλλαβών</em></strong></span> <span class='ocrx_word' id='word_1_145' title='bbox 261 2008 419 2086; x_wconf 63' lang='lat' dir='ltr'>misnia</span> <span class='ocrx_word' id='word_1_146' title='bbox 439 2008 597 2088; x_wconf 55' lang='lat' dir='ltr'>negabis)</span> <span class='ocrx_word' id='word_1_147' title='bbox 622 2025 685 2071; x_wconf 93' lang='lat' dir='ltr'>non</span> <span class='ocrx_word' id='word_1_148' title='bbox 708 2005 931 2089; x_wconf 84' lang='lat' dir='ltr'>Aeschyicam,</span> <span class='ocrx_word' id='word_1_149' title='bbox 955 2004 1011 2068; x_wconf 90' lang='lat' dir='ltr'>sed</span> <span class='ocrx_word' id='word_1_150' title='bbox 1032 2005 1234 2088; x_wconf 80' lang='lat' dir='ltr'>Euripideam</span> 
     </span>
     <span class='ocr_line' id='line_1_19' title="bbox 55 2105 1236 2192; baseline 0 -21"><span class='ocrx_word' id='word_1_151' title='bbox 55 2106 224 2192; x_wconf 71' lang='grc' dir='ltr'><strong><em>Τήλεφον</em></strong></span> <span class='ocrx_word' id='word_1_152' title='bbox 238 2106 479 2187; x_wconf 83' lang='lat' dir='ltr'>intellegendam</span> <span class='ocrx_word' id='word_1_153' title='bbox 496 2108 607 2182; x_wconf 88' lang='lat' dir='ltr'>iuisse;</span> <span class='ocrx_word' id='word_1_154' title='bbox 632 2109 747 2171; x_wconf 92' lang='lat' dir='ltr'>mirum</span> <span class='ocrx_word' id='word_1_155' title='bbox 761 2107 857 2182; x_wconf 86' lang='lat' dir='ltr'>enim,</span> <span class='ocrx_word' id='word_1_156' title='bbox 879 2105 911 2169; x_wconf 92' lang='lat' dir='ltr'>ni</span> <span class='ocrx_word' id='word_1_157' title='bbox 932 2105 1007 2169; x_wconf 89' lang='lat' dir='ltr'>item</span> <span class='ocrx_word' id='word_1_158' title='bbox 1028 2107 1059 2168; x_wconf 92' lang='lat' dir='ltr'>in</span> <span class='ocrx_word' id='word_1_159' title='bbox 1084 2105 1236 2171; x_wconf 90' lang='lat' dir='ltr'>hocloco</span> 
     </span>
     <span class='ocr_line' id='line_1_20' title="bbox 53 2204 1235 2288; baseline -0.003 -16"><span class='ocrx_word' id='word_1_160' title='bbox 53 2207 210 2281; x_wconf 83' lang='lat' dir='ltr'>cornicus</span> <span class='ocrx_word' id='word_1_161' title='bbox 231 2205 263 2268; x_wconf 95' lang='lat' dir='ltr'>in</span> <span class='ocrx_word' id='word_1_162' title='bbox 275 2205 478 2288; x_wconf 86' lang='lat' dir='ltr'>Euripideam</span> <span class='ocrx_word' id='word_1_163' title='bbox 501 2207 654 2283; x_wconf 88' lang='lat' dir='ltr'>tenderet,</span> <span class='ocrx_word' id='word_1_164' title='bbox 677 2209 787 2287; x_wconf 89' lang='lat' dir='ltr'>utpote</span> <span class='ocrx_word' id='word_1_165' title='bbox 810 2224 875 2286; x_wconf 89' lang='lat' dir='ltr'>qua</span> <span class='ocrx_word' id='word_1_166' title='bbox 897 2204 1018 2269; x_wconf 90' lang='lat' dir='ltr'>nuliam</span> <span class='ocrx_word' id='word_1_167' title='bbox 1042 2206 1140 2284; x_wconf 82' lang='lat' dir='ltr'>magis</span> <span class='ocrx_word' id='word_1_168' title='bbox 1162 2224 1235 2269; x_wconf 90' lang='lat' dir='ltr'>curn</span> 
     </span>
     <span class='ocr_line' id='line_1_21' title="bbox 53 2302 1237 2387; baseline -0.003 -16"><span class='ocrx_word' id='word_1_169' title='bbox 53 2303 209 2387; x_wconf 87' lang='lat' dir='ltr'>alioquin</span> <span class='ocrx_word' id='word_1_170' title='bbox 244 2307 311 2367; x_wconf 91' lang='lat' dir='ltr'>ium</span> <span class='ocrx_word' id='word_1_171' title='bbox 348 2304 379 2368; x_wconf 93' lang='lat' dir='ltr'>in</span> <span class='ocrx_word' id='word_1_172' title='bbox 411 2305 487 2386; x_wconf 89' lang='lat' dir='ltr'>ipsis</span> <span class='ocrx_word' id='word_1_173' title='bbox 519 2305 779 2369; x_wconf 88' lang='lat' dir='ltr'>Acharnensibus</span> <span class='ocrx_word' id='word_1_174' title='bbox 813 2302 968 2382; x_wconf 83' lang='lat' dir='ltr'>castigare</span> <span class='ocrx_word' id='word_1_175' title='bbox 1005 2322 1078 2366; x_wconf 88' lang='lat' dir='ltr'>eum</span> <span class='ocrx_word' id='word_1_176' title='bbox 1114 2304 1237 2368; x_wconf 84' lang='lat' dir='ltr'>iuverit.</span> 
     </span>
     <span class='ocr_line' id='line_1_22' title="bbox 53 2402 1238 2483; baseline -0.002 -14"><span class='ocrx_word' id='word_1_177' title='bbox 53 2406 166 2469; x_wconf 87' lang='lat' dir='ltr'>Recte</span> <span class='ocrx_word' id='word_1_178' title='bbox 175 2403 272 2483; x_wconf 81' lang='lat' dir='ltr'>igitur</span> <span class='ocrx_word' id='word_1_179' title='bbox 280 2403 540 2468; x_wconf 87' lang='lat' dir='ltr'>Wiiamowitzius</span> <span class='ocrx_word' id='word_1_180' title='bbox 555 2403 683 2480; x_wconf 89' lang='lat' dir='ltr'>iudicat,</span> <span class='ocrx_word' id='word_1_181' title='bbox 701 2402 903 2467; x_wconf 88' lang='lat' dir='ltr'>sciroiiasiam</span> <span class='ocrx_word' id='word_1_182' title='bbox 919 2402 1019 2482; x_wconf 87' lang='lat' dir='ltr'>ipsum</span> <span class='ocrx_word' id='word_1_183' title='bbox 1034 2403 1109 2464; x_wconf 88' lang='lat' dir='ltr'>certi</span> <span class='ocrx_word' id='word_1_184' title='bbox 1122 2406 1238 2483; x_wconf 88' lang='lat' dir='ltr'>poetae</span> 
     </span>
     <span class='ocr_line' id='line_1_23' title="bbox 57 2498 1238 2584; baseline -0.006 -15"><span class='ocrx_word' id='word_1_185' title='bbox 57 2504 199 2569; x_wconf 89' lang='lat' dir='ltr'>nomine</span> <span class='ocrx_word' id='word_1_186' title='bbox 229 2502 345 2565; x_wconf 89' lang='lat' dir='ltr'>omisso</span> <span class='ocrx_word' id='word_1_187' title='bbox 373 2502 534 2584; x_wconf 86' lang='lat' dir='ltr'>scripsisse</span> <span class='ocrx_word' id='word_1_188' title='bbox 562 2502 635 2563; x_wconf 80' lang='grc' dir='ltr'><strong><em>ἐπεὶ</em></strong></span> <span class='ocrx_word' id='word_1_189' title='bbox 665 2501 720 2563; x_wconf 79' lang='grc' dir='ltr'>καὶ</span> <span class='ocrx_word' id='word_1_190' title='bbox 750 2499 767 2562; x_wconf 83' lang='grc' dir='ltr'>ὁ</span> <span class='ocrx_word' id='word_1_191' title='bbox 792 2498 870 2583; x_wconf 66' lang='lat' dir='ltr'>nit.</span> <span class='ocrx_word' id='word_1_192' title='bbox 892 2500 977 2560; x_wconf 80' lang='lat' dir='ltr'>nacci</span> <span class='ocrx_word' id='word_1_193' title='bbox 998 2500 1056 2561; x_wconf 82' lang='grc' dir='ltr'>τὸν</span> <span class='ocrx_word' id='word_1_194' title='bbox 1077 2501 1238 2581; x_wconf 79' lang='grc' dir='ltr'><strong><em>τραγῳδο-</em></strong></span> 
     </span>
     <span class='ocr_line' id='line_1_24' title="bbox 60 2597 1237 2683; baseline -0.003 -18"><span class='ocrx_word' id='word_1_195' title='bbox 60 2600 177 2678; x_wconf 70' lang='lat' dir='ltr'>nostin,</span> <span class='ocrx_word' id='word_1_196' title='bbox 200 2597 256 2663; x_wconf 77' lang='grc' dir='ltr'>ἵνα</span> <span class='ocrx_word' id='word_1_197' title='bbox 274 2597 357 2683; x_wconf 75' lang='grc' dir='ltr'>τύχῃ</span> <span class='ocrx_word' id='word_1_198' title='bbox 372 2599 450 2678; x_wconf 70' lang='lat' dir='ltr'>nl,</span> <span class='ocrx_word' id='word_1_199' title='bbox 471 2600 568 2681; x_wconf 92' lang='lat' dir='ltr'>idque</span> <span class='ocrx_word' id='word_1_200' title='bbox 580 2601 624 2663; x_wconf 93' lang='lat' dir='ltr'>ita</span> <span class='ocrx_word' id='word_1_201' title='bbox 641 2604 678 2663; x_wconf 88' lang='lat' dir='ltr'>ut</span> <span class='ocrx_word' id='word_1_202' title='bbox 688 2599 871 2680; x_wconf 87' lang='lat' dir='ltr'>Euripidem</span> <span class='ocrx_word' id='word_1_203' title='bbox 883 2598 1009 2680; x_wconf 84' lang='lat' dir='ltr'>diceret,</span> <span class='ocrx_word' id='word_1_204' title='bbox 1031 2600 1237 2680; x_wconf 85' lang='lat' dir='ltr'>posteriorem</span> 
     </span>
     <span class='ocr_line' id='line_1_25' title="bbox 63 2695 1238 2783; baseline -0.004 -18"><span class='ocrx_word' id='word_1_205' title='bbox 63 2700 234 2783; x_wconf 89' lang='lat' dir='ltr'>quendam</span> <span class='ocrx_word' id='word_1_206' title='bbox 264 2698 344 2762; x_wconf 86' lang='lat' dir='ltr'>falso</span> <span class='ocrx_word' id='word_1_207' title='bbox 365 2697 515 2781; x_wconf 88' lang='lat' dir='ltr'>Aeschyli</span> <span class='ocrx_word' id='word_1_208' title='bbox 543 2718 662 2762; x_wconf 89' lang='lat' dir='ltr'>nomen</span> <span class='ocrx_word' id='word_1_209' title='bbox 692 2695 893 2780; x_wconf 46' lang='lat' dir='ltr'>addidisse).</span> <span class='ocrx_word' id='word_1_210' title='bbox 936 2698 1048 2780; x_wconf 88' lang='lat' dir='ltr'>Itaque</span> <span class='ocrx_word' id='word_1_211' title='bbox 1077 2718 1238 2761; x_wconf 91' lang='lat' dir='ltr'>nonnum·</span> 
     </span>
    </p>
   </div>
   <div class='ocr_carea' id='block_1_3' title="bbox 70 2934 1241 4032">
    <p class='ocr_par' dir='ltr' id='par_1_3' title="bbox 71 2934 1241 3177">
     <span class='ocr_line' id='line_1_26' title="bbox 124 2934 1241 3007; baseline -0.004 -15"><span class='ocrx_word' id='word_1_212' title='bbox 124 2940 167 3007; x_wconf 75' lang='lat' dir='ltr'>-1J</span> <span class='ocrx_word' id='word_1_213' title='bbox 192 2936 233 2992; x_wconf 84' lang='lat' dir='ltr'>cf.</span> <span class='ocrx_word' id='word_1_214' title='bbox 252 2935 434 2989; x_wconf 86' lang='lat' dir='ltr'>Valckenaer.</span> <span class='ocrx_word' id='word_1_215' title='bbox 458 2934 476 2988; x_wconf 92' lang='lat' dir='ltr'>i.</span> <span class='ocrx_word' id='word_1_216' title='bbox 504 2934 521 2987; x_wconf 94' lang='lat' dir='ltr'>l.</span> <span class='ocrx_word' id='word_1_217' title='bbox 546 2953 571 3003; x_wconf 93' lang='lat' dir='ltr'>p.</span> <span class='ocrx_word' id='word_1_218' title='bbox 600 2935 646 2988; x_wconf 87' lang='lat'>16:</span> <span class='ocrx_word' id='word_1_219' title='bbox 679 2935 917 3003; x_wconf 79' lang='lat' dir='ltr'>»quandoquidem</span> <span class='ocrx_word' id='word_1_220' title='bbox 946 2934 1087 3002; x_wconf 84' lang='lat' dir='ltr'>Sophoclis</span> <span class='ocrx_word' id='word_1_221' title='bbox 1114 2935 1241 2988; x_wconf 88' lang='lat' dir='ltr'>Phaedra</span> 
     </span>
     <span class='ocr_line' id='line_1_27' title="bbox 71 3019 1238 3085; baseline -0.003 -7"><span class='ocrx_word' id='word_1_222' title='bbox 71 3020 149 3078; x_wconf 77' lang='lat' dir='ltr'>valde</span> <span class='ocrx_word' id='word_1_223' title='bbox 171 3023 228 3076; x_wconf 87' lang='lat' dir='ltr'>iuit</span> <span class='ocrx_word' id='word_1_224' title='bbox 245 3021 402 3085; x_wconf 85' lang='lat' dir='ltr'>nobilitata,</span> <span class='ocrx_word' id='word_1_225' title='bbox 421 3020 534 3074; x_wconf 86' lang='lat' dir='ltr'>minime</span> <span class='ocrx_word' id='word_1_226' title='bbox 554 3021 710 3074; x_wconf 87' lang='lat' dir='ltr'>mirandum</span> <span class='ocrx_word' id='word_1_227' title='bbox 731 3023 774 3074; x_wconf 89' lang='lat' dir='ltr'>est</span> <span class='ocrx_word' id='word_1_228' title='bbox 789 3019 902 3073; x_wconf 90' lang='lat' dir='ltr'>hiciiiic</span> <span class='ocrx_word' id='word_1_229' title='bbox 913 3021 964 3073; x_wconf 91' lang='lat' dir='ltr'>sub</span> <span class='ocrx_word' id='word_1_230' title='bbox 976 3021 1117 3074; x_wconf 82' lang='lat' dir='ltr'>Phaedrae</span> <span class='ocrx_word' id='word_1_231' title='bbox 1129 3020 1238 3074; x_wconf 85' lang='lat' dir='ltr'>nomine</span> 
     </span>
     <span class='ocr_line' id='line_1_28' title="bbox 72 3106 869 3177; baseline -0.001 -15"><span class='ocrx_word' id='word_1_232' title='bbox 72 3110 159 3176; x_wconf 81' lang='lat' dir='ltr'>citari,</span> <span class='ocrx_word' id='word_1_233' title='bbox 179 3124 252 3175; x_wconf 86' lang='lat' dir='ltr'>quae</span> <span class='ocrx_word' id='word_1_234' title='bbox 272 3109 337 3160; x_wconf 70' lang='lat' dir='ltr'>stant</span> <span class='ocrx_word' id='word_1_235' title='bbox 354 3124 387 3161; x_wconf 83' lang='lat' dir='ltr'>ex</span> <span class='ocrx_word' id='word_1_236' title='bbox 405 3106 546 3175; x_wconf 84' lang='lat' dir='ltr'>Euripidis</span> <span class='ocrx_word' id='word_1_237' title='bbox 566 3107 718 3177; x_wconf 85' lang='lat' dir='ltr'>Hippolyto</span> <span class='ocrx_word' id='word_1_238' title='bbox 734 3106 869 3161; x_wconf 86' lang='lat' dir='ltr'>derivata.</span> 
     </span>
    </p>

    <p class='ocr_par' dir='ltr' id='par_1_4' title="bbox 134 3192 891 3263">
     <span class='ocr_line' id='line_1_29' title="bbox 134 3192 891 3263; baseline -0.004 -15"><span class='ocrx_word' id='word_1_239' title='bbox 134 3196 163 3262; x_wconf 79' lang='lat'>2)</span> <span class='ocrx_word' id='word_1_240' title='bbox 184 3193 318 3261; x_wconf 77' lang='lat' dir='ltr'>Exempla</span> <span class='ocrx_word' id='word_1_241' title='bbox 337 3193 451 3263; x_wconf 85' lang='lat' dir='ltr'>collegit</span> <span class='ocrx_word' id='word_1_242' title='bbox 471 3192 624 3247; x_wconf 87' lang='lat' dir='ltr'>Boeckhius</span> <span class='ocrx_word' id='word_1_243' title='bbox 644 3193 661 3245; x_wconf 92' lang='lat' dir='ltr'>l.</span> <span class='ocrx_word' id='word_1_244' title='bbox 682 3194 699 3246; x_wconf 94' lang='lat' dir='ltr'>i.</span> <span class='ocrx_word' id='word_1_245' title='bbox 718 3212 745 3262; x_wconf 94' lang='lat' dir='ltr'>p.</span> <span class='ocrx_word' id='word_1_246' title='bbox 763 3193 810 3245; x_wconf 81' lang='lat'>241</span> <span class='ocrx_word' id='word_1_247' title='bbox 831 3209 891 3260; x_wconf 85' lang='lat' dir='ltr'>sqq.</span> 
     </span>
    </p>

    <p class='ocr_par' dir='ltr' id='par_1_5' title="bbox 136 3277 928 3348">
     <span class='ocr_line' id='line_1_30' title="bbox 136 3277 928 3348; baseline -0.003 -16"><span class='ocrx_word' id='word_1_248' title='bbox 136 3279 167 3346; x_wconf 76' lang='lat'>3)</span> <span class='ocrx_word' id='word_1_249' title='bbox 185 3277 358 3346; x_wconf 84' lang='lat' dir='ltr'>Quamquam</span> <span class='ocrx_word' id='word_1_250' title='bbox 378 3279 493 3346; x_wconf 86' lang='lat' dir='ltr'>negavit</span> <span class='ocrx_word' id='word_1_251' title='bbox 510 3279 672 3333; x_wconf 78' lang='lat' dir='ltr'>Weiskerus</span> <span class='ocrx_word' id='word_1_252' title='bbox 691 3279 774 3347; x_wconf 81' lang='lat' dir='ltr'>Trag.</span> <span class='ocrx_word' id='word_1_253' title='bbox 793 3297 818 3348; x_wconf 94' lang='lat' dir='ltr'>p.</span> <span class='ocrx_word' id='word_1_254' title='bbox 838 3278 867 3330; x_wconf 85' lang='lat'>31</span> <span class='ocrx_word' id='word_1_255' title='bbox 889 3295 928 3344; x_wconf 86' lang='lat' dir='ltr'>sq.</span> 
     </span>
    </p>

    <p class='ocr_par' dir='ltr' id='par_1_6' title="bbox 70 3361 1241 4032">
     <span class='ocr_line' id='line_1_31' title="bbox 135 3361 1240 3432; baseline -0.002 -14"><span class='ocrx_word' id='word_1_256' title='bbox 135 3366 164 3432; x_wconf 79' lang='lat'>4)</span> <span class='ocrx_word' id='word_1_257' title='bbox 183 3362 482 3431; x_wconf 82' lang='lat' dir='ltr'>Cf.Robertl.i.p.147.</span> <span class='ocrx_word' id='word_1_258' title='bbox 502 3361 1240 3431; x_wconf 83' lang='lat' dir='ltr'>VideturschoiiastaiileideoEuripidemsimpliciter</span> 
     </span>
     <span class='ocr_line' id='line_1_32' title="bbox 72 3447 1240 3518; baseline 0.003 -19"><span class='ocrx_word' id='word_1_259' title='bbox 72 3451 111 3499; x_wconf 73' lang='lat' dir='ltr'>civ</span> <span class='ocrx_word' id='word_1_260' title='bbox 121 3447 424 3518; x_wconf 63' lang='grc' dir='ltr'>ιρονρδοπαόνάἰὶίεεε,</span> <span class='ocrx_word' id='word_1_261' title='bbox 434 3449 516 3515; x_wconf 89' lang='lat' dir='ltr'>quod,</span> <span class='ocrx_word' id='word_1_262' title='bbox 526 3449 572 3517; x_wconf 87' lang='lat' dir='ltr'>qui</span> <span class='ocrx_word' id='word_1_263' title='bbox 584 3450 876 3518; x_wconf 85' lang='lat' dir='ltr'>poetaintciiegendus</span> <span class='ocrx_word' id='word_1_264' title='bbox 884 3449 963 3510; x_wconf 88' lang='lat' dir='ltr'>esset,</span> <span class='ocrx_word' id='word_1_265' title='bbox 973 3465 1005 3500; x_wconf 83' lang='lat' dir='ltr'>ex</span> <span class='ocrx_word' id='word_1_266' title='bbox 1015 3449 1240 3503; x_wconf 82' lang='lat' dir='ltr'>antecedentibus</span> 
     </span>
     <span class='ocr_line' id='line_1_33' title="bbox 72 3532 1239 3603; baseline 0 -17"><span class='ocrx_word' id='word_1_267' title='bbox 72 3533 133 3588; x_wconf 84' lang='lat' dir='ltr'>iocis</span> <span class='ocrx_word' id='word_1_268' title='bbox 152 3534 223 3587; x_wconf 84' lang='lat' dir='ltr'>satis</span> <span class='ocrx_word' id='word_1_269' title='bbox 240 3534 401 3603; x_wconf 82' lang='lat' dir='ltr'>apparabat.</span> <span class='ocrx_word' id='word_1_270' title='bbox 433 3534 535 3588; x_wconf 86' lang='lat' dir='ltr'>Tamen</span> <span class='ocrx_word' id='word_1_271' title='bbox 556 3535 687 3603; x_wconf 85' lang='lat' dir='ltr'>quoniam</span> <span class='ocrx_word' id='word_1_272' title='bbox 708 3534 867 3602; x_wconf 84' lang='lat' dir='ltr'>ceteroquin</span> <span class='ocrx_word' id='word_1_273' title='bbox 881 3534 911 3587; x_wconf 92' lang='lat' dir='ltr'>in</span> <span class='ocrx_word' id='word_1_274' title='bbox 930 3532 1151 3588; x_wconf 81' lang='lat' dir='ltr'>Acharnensibus</span> <span class='ocrx_word' id='word_1_275' title='bbox 1167 3534 1239 3588; x_wconf 87' lang='lat' dir='ltr'>idem</span> 
     </span>
     <span class='ocr_line' id='line_1_34' title="bbox 72 3619 1239 3688; baseline 0.001 -15"><span class='ocrx_word' id='word_1_276' title='bbox 72 3620 219 3675; x_wconf 83' lang='lat' dir='ltr'>scholiasta</span> <span class='ocrx_word' id='word_1_277' title='bbox 229 3619 390 3688; x_wconf 76' lang='lat' dir='ltr'>Euripidem</span> <span class='ocrx_word' id='word_1_278' title='bbox 411 3623 487 3675; x_wconf 88' lang='lat' dir='ltr'>certo</span> <span class='ocrx_word' id='word_1_279' title='bbox 505 3621 615 3675; x_wconf 79' lang='lat' dir='ltr'>nonrine</span> <span class='ocrx_word' id='word_1_280' title='bbox 635 3624 723 3684; x_wconf 88' lang='lat' dir='ltr'>vocat,</span> <span class='ocrx_word' id='word_1_281' title='bbox 744 3621 836 3674; x_wconf 88' lang='lat' dir='ltr'>verius</span> <span class='ocrx_word' id='word_1_282' title='bbox 854 3619 1023 3688; x_wconf 83' lang='lat' dir='ltr'>putabimus,</span> <span class='ocrx_word' id='word_1_283' title='bbox 1043 3619 1068 3672; x_wconf 92' lang='lat' dir='ltr'>ei</span> <span class='ocrx_word' id='word_1_284' title='bbox 1079 3619 1239 3688; x_wconf 87' lang='lat' dir='ltr'>Euripidem</span> 
     </span>
     <span class='ocr_line' id='line_1_35' title="bbox 71 3703 1240 3775; baseline 0 -18"><span class='ocrx_word' id='word_1_285' title='bbox 71 3706 150 3760; x_wconf 73' lang='lat' dir='ltr'>luisse</span> <span class='ocrx_word' id='word_1_286' title='bbox 168 3708 214 3756; x_wconf 77' lang='grc' dir='ltr'>τὸν</span> <span class='ocrx_word' id='word_1_287' title='bbox 233 3707 420 3775; x_wconf 74' lang='grc' dir='ltr'><strong><em>τραγῳδοποιὸν</em></strong></span> <span class='ocrx_word' id='word_1_288' title='bbox 442 3709 484 3756; x_wconf 75' lang='grc' dir='ltr'>τὸν</span> <span class='ocrx_word' id='word_1_289' title='bbox 504 3706 560 3756; x_wconf 77' lang='grc' dir='ltr'>κατ’</span> <span class='ocrx_word' id='word_1_290' title='bbox 576 3708 673 3773; x_wconf 56' lang='lat' dir='ltr'>leopati.</span> <span class='ocrx_word' id='word_1_291' title='bbox 711 3706 771 3771; x_wconf 73' lang='lat' dir='ltr'>Quat</span> <span class='ocrx_word' id='word_1_292' title='bbox 789 3705 896 3759; x_wconf 76' lang='lat' dir='ltr'>ratione</span> <span class='ocrx_word' id='word_1_293' title='bbox 918 3722 972 3758; x_wconf 87' lang='lat' dir='ltr'>non</span> <span class='ocrx_word' id='word_1_294' title='bbox 991 3703 1089 3757; x_wconf 81' lang='lat' dir='ltr'>dubito</span> <span class='ocrx_word' id='word_1_295' title='bbox 1109 3704 1176 3771; x_wconf 87' lang='lat' dir='ltr'>quin</span> <span class='ocrx_word' id='word_1_296' title='bbox 1192 3706 1240 3758; x_wconf 81' lang='lat' dir='ltr'>alii</span> 
     </span>
     <span class='ocr_line' id='line_1_36' title="bbox 71 3789 1240 3860; baseline -0.003 -14"><span class='ocrx_word' id='word_1_297' title='bbox 71 3792 176 3860; x_wconf 77' lang='lat' dir='ltr'>aliquot</span> <span class='ocrx_word' id='word_1_298' title='bbox 201 3791 254 3844; x_wconf 88' lang='lat' dir='ltr'>ioci</span> <span class='ocrx_word' id='word_1_299' title='bbox 278 3791 461 3860; x_wconf 81' lang='lat' dir='ltr'>intellegendi</span> <span class='ocrx_word' id='word_1_300' title='bbox 489 3791 560 3856; x_wconf 91' lang='lat' dir='ltr'>sint,</span> <span class='ocrx_word' id='word_1_301' title='bbox 586 3791 633 3843; x_wconf 90' lang='lat' dir='ltr'>ubi</span> <span class='ocrx_word' id='word_1_302' title='bbox 659 3808 720 3844; x_wconf 89' lang='lat' dir='ltr'>curn</span> <span class='ocrx_word' id='word_1_303' title='bbox 749 3791 816 3845; x_wconf 88' lang='lat' dir='ltr'>item</span> <span class='ocrx_word' id='word_1_304' title='bbox 839 3789 952 3843; x_wconf 86' lang='lat' dir='ltr'>nomina</span> <span class='ocrx_word' id='word_1_305' title='bbox 975 3796 1105 3860; x_wconf 72' lang='grc' dir='ltr'><strong><em>τραγικός,</em></strong></span> <span class='ocrx_word' id='word_1_306' title='bbox 1123 3793 1240 3858; x_wconf 77' lang='grc' dir='ltr'><strong><em>ποιητής,</em></strong></span> 
     </span>
     <span class='ocr_line' id='line_1_37' title="bbox 70 3875 1240 3945; baseline -0.003 -14"><span class='ocrx_word' id='word_1_307' title='bbox 70 3876 171 3931; x_wconf 75' lang='lat' dir='ltr'>cimilia</span> <span class='ocrx_word' id='word_1_308' title='bbox 195 3877 378 3945; x_wconf 69' lang='lat' dir='ltr'>estimantur,</span> <span class='ocrx_word' id='word_1_309' title='bbox 406 3894 440 3930; x_wconf 89' lang='lat' dir='ltr'>ex</span> <span class='ocrx_word' id='word_1_310' title='bbox 465 3876 553 3930; x_wconf 86' lang='lat' dir='ltr'>totius</span> <span class='ocrx_word' id='word_1_311' title='bbox 570 3877 624 3931; x_wconf 90' lang='lat' dir='ltr'>loci</span> <span class='ocrx_word' id='word_1_312' title='bbox 646 3877 831 3931; x_wconf 84' lang='lat' dir='ltr'>continuitate</span> <span class='ocrx_word' id='word_1_313' title='bbox 851 3875 921 3930; x_wconf 86' lang='lat' dir='ltr'>certi</span> <span class='ocrx_word' id='word_1_314' title='bbox 941 3878 1038 3944; x_wconf 86' lang='lat' dir='ltr'>poetae</span> <span class='ocrx_word' id='word_1_315' title='bbox 1056 3892 1155 3928; x_wconf 88' lang='lat' dir='ltr'>nomen</span> <span class='ocrx_word' id='word_1_316' title='bbox 1176 3893 1240 3945; x_wconf 89' lang='lat' dir='ltr'>sup·</span> 
     </span>
     <span class='ocr_line' id='line_1_38' title="bbox 70 3960 1241 4032; baseline -0.003 -15"><span class='ocrx_word' id='word_1_317' title='bbox 70 3962 138 4032; x_wconf 85' lang='lat' dir='ltr'>pleri</span> <span class='ocrx_word' id='word_1_318' title='bbox 159 3962 271 4029; x_wconf 85' lang='lat' dir='ltr'>nequit.</span> <span class='ocrx_word' id='word_1_319' title='bbox 317 3963 355 4015; x_wconf 80' lang='lat' dir='ltr'>Ac</span> <span class='ocrx_word' id='word_1_320' title='bbox 385 3979 432 4031; x_wconf 84' lang='lat' dir='ltr'>pro</span> <span class='ocrx_word' id='word_1_321' title='bbox 458 3962 576 4016; x_wconf 88' lang='lat' dir='ltr'>Homero</span> <span class='ocrx_word' id='word_1_322' title='bbox 608 3962 712 4015; x_wconf 87' lang='lat' dir='ltr'>dictum</span> <span class='ocrx_word' id='word_1_323' title='bbox 749 3979 806 4015; x_wconf 87' lang='lat' dir='ltr'>esse</span> <span class='ocrx_word' id='word_1_324' title='bbox 835 3964 880 4013; x_wconf 77' lang='grc' dir='ltr'>τὸν</span> <span class='ocrx_word' id='word_1_325' title='bbox 912 3964 1024 4030; x_wconf 72' lang='grc' dir='ltr'>ποιητήν</span> <span class='ocrx_word' id='word_1_326' title='bbox 1057 3960 1241 4025; x_wconf 87' lang='lat' dir='ltr'>tritissimum,</span> 
     </span>
    </p>
   </div>
   <div class='ocr_carea' id='block_1_4' title="bbox 70 4043 1242 4117">
    <p class='ocr_par' dir='ltr' id='par_1_7' title="bbox 70 4043 1242 4117">
     <span class='ocr_line' id='line_1_39' title="bbox 70 4043 1242 4117; baseline -0.003 -17"><span class='ocrx_word' id='word_1_327' title='bbox 70 4047 144 4103; x_wconf 74' lang='lat' dir='ltr'>velut</span> <span class='ocrx_word' id='word_1_328' title='bbox 163 4046 227 4102; x_wconf 80' lang='lat' dir='ltr'>Eur.</span> <span class='ocrx_word' id='word_1_329' title='bbox 247 4045 279 4100; x_wconf 79' lang='lat' dir='ltr'>ir.</span> <span class='ocrx_word' id='word_1_330' title='bbox 299 4045 351 4101; x_wconf 65' lang='lat'>659</span> <span class='ocrx_word' id='word_1_331' title='bbox 369 4045 459 4101; x_wconf 81' lang='lat' dir='ltr'>Strab.</span> <span class='ocrx_word' id='word_1_332' title='bbox 480 4046 496 4100; x_wconf 93' lang='lat'>8</span> <span class='ocrx_word' id='word_1_333' title='bbox 516 4065 541 4117; x_wconf 83' lang='lat' dir='ltr'>p.</span> <span class='ocrx_word' id='word_1_334' title='bbox 560 4048 611 4102; x_wconf 80' lang='lat'>356</span> <span class='ocrx_word' id='word_1_335' title='bbox 634 4046 668 4107; x_wconf 74' lang='lat' dir='ltr'>vic</span> <span class='ocrx_word' id='word_1_336' title='bbox 685 4043 698 4098; x_wconf 77' lang='lat' dir='ltr'>l</span> <span class='ocrx_word' id='word_1_337' title='bbox 716 4046 824 4116; x_wconf 56' lang='grc' dir='ltr'>ποιητής</span> <span class='ocrx_word' id='word_1_338' title='bbox 841 4046 883 4099; x_wconf 69' lang='grc' dir='ltr'>τὸν</span> <span class='ocrx_word' id='word_1_339' title='bbox 906 4046 1007 4111; x_wconf 61' lang='lat' dir='ltr'>Aloeus</span> <span class='ocrx_word' id='word_1_340' title='bbox 1027 4045 1149 4115; x_wconf 63' lang='grc' dir='ltr'>Μάκαρος</span> <span class='ocrx_word' id='word_1_341' title='bbox 1168 4046 1242 4096; x_wconf 72' lang='grc' dir='ltr'><strong><em>πόλιν</em></strong></span> 
     </span>
    </p>
   </div>
   <div class='ocr_carea' id='block_1_5' title="bbox 0 0 1397 4554">
    <p class='ocr_par' dir='ltr' id='par_1_8' title="bbox 0 0 1397 4554">
     <span class='ocr_line' id='line_1_40' title="bbox 0 0 1397 4554; baseline 0 0"><span class='ocrx_word' id='word_1_342' title='bbox 0 0 1397 4554; x_wconf 95' lang='lat' dir='ltr'> </span> 
     </span>
    </p>
   </div>
  </div>
 </body>
</html>
