2782 4554
629 239 669 307 32

28 433 33 439 ·
55 418 208 500 inscripti.
260 419 301 481 At
322 418 498 482 inauditum
523 417 583 482 boc
600 433 639 481 ac
656 435 759 497 paene
774 416 1039 481 contumeliosum
1056 416 1149 496 dices,
1171 439 1225 484 eos

57 515 204 580 dirimere
231 515 366 594 indices,
396 535 477 598 quos
506 519 542 579 ut
571 513 707 594 benigna
737 511 829 577 nobis
856 518 941 577 sorte
968 518 1110 579 servatos
1133 521 1224 598 grato
1335 572 1336 575 ,

57 613 166 677 adhuc
187 613 296 676 animo
323 612 473 695 bonaque
500 612 563 676 tide
584 611 773 692 accepimus.
811 610 877 674 Nec
905 614 1013 675 tamen
1031 632 1120 697 nova
1145 613 1225 679 haec

58 707 225 776 dubitatio.
268 712 331 775 Sed
350 714 410 776 iam
425 710 638 775 Blomtieldius
660 709 763 773 obiter
783 710 961 790 suspicatus
980 715 1040 788 est,
1063 732 1127 776 non
1141 714 1225 795 ipsos

59 813 171 892 poetas
201 809 325 891 duplice
354 809 482 872 nomine
510 808 634 872 tabulas
662 806 843 888 signasse¹).
894 809 1060 874 Praeclare
1089 811 1150 876 hoc
1178 814 1224 877 vir

58 908 268 972 doctissimus.
318 907 423 985 Quam
447 906 531 970 enim
554 924 663 968 censes
684 905 785 985 poetis
807 906 954 969 idoneam
977 925 1107 971 causam
1134 910 1225 972 tuisse

14 1020 19 1027 ·
59 1023 115 1070 cur
136 1006 183 1069 ita
204 1005 357 1085 agerent?
390 1004 472 1067 Num
494 1008 528 1066 ut
543 1021 640 1083 quam
658 1003 893 1066 accuratissime
905 1005 1086 1083 argumenti
1098 1025 1224 1070 summa

58 1103 290 1184 spectatotibus
305 1103 522 1167 indicaretur?
557 1101 658 1164 Immo
678 1103 709 1162 et
730 1101 852 1163 ratione
874 1106 904 1163 et
928 1120 987 1165 usu
1010 1102 1172 1181 docemur,
1193 1106 1225 1169 id

59 1201 145 1284 quod
169 1201 252 1264 intra
273 1201 386 1265 clarius
408 1200 584 1282 apparebit,
606 1219 702 1282 quarn
726 1199 912 1262 brevissimo
929 1201 1048 1283 ubique
1066 1203 1161 1267 modo
1177 1205 1225 1267 in·
1264 1210 1267 1215 “

57 1299 259 1380 scriptionem
290 1298 406 1362 tactam
438 1318 521 1372 esse,
549 1297 804 1378 necquidquam
828 1303 940 1362 contra
962 1299 1046 1363 hanc
1066 1301 1224 1365 rationem

58 1398 140 1461 aliae
163 1397 302 1459 rationes
322 1394 428 1458 valent
452 1414 532 1476 queis
555 1395 625 1475 quis
648 1392 823 1476 protulerit.
870 1396 976 1476 Atque
998 1394 1072 1458 illud
1094 1416 1224 1480 quoque

56 1493 207 1575 respicias
244 1492 329 1573 quod
366 1494 588 1555 Rornanorum
616 1491 712 1572 apud
754 1492 891 1572 tragicos
919 1493 1033 1556 'nullus
1072 1497 1226 1576 reperitur

57 1591 179 1673 duplex
207 1592 330 1668 tituluS‚
360 1591 448 1671 aqud
478 1589 614 1652 comicos
636 1592 745 1652 aulem
767 1591 820 1669 qui
844 1591 1060 1670 reperiuntur,
1090 1610 1127 1653 ac
1149 1596 1225 1656 sunt

58 1688 226 1770 perpauci,
249 1708 289 1751 ne
310 1687 368 1768 ipsi
391 1687 519 1768 quidem
542 1687 658 1767 poetiS‚
688 1684 744 1748 sed
765 1686 978 1764 grammaticis
1000 1688 1224 1768 posterioribus

59 1786 221 1850 tribuendi
257 1784 405 1847 videntur
440 1784 491 1862 (ct.
515 1781 647 1846 Ritschl.
669 1782 688 1844 l.
710 1780 754 1862 l).
817 1784 882 1847 Nec
909 1784 945 1846 'in
977 1784 1221 1850 didascaliarum

56 1883 197 1965 reliquiis
224 1881 357 1963 duplicis
385 1880 477 1946 ullius
506 1879 585 1943 tituli
615 1879 780 1958 vestigium
811 1883 914 1944 exstat
942 1900 1047 1964 neque
1074 1887 1223 1962 exstaret,

55 1981 165 2058 credo,
189 1979 214 2042 si
237 1999 301 2061 qua
321 1980 352 2042 in
368 1979 403 2042 iis
419 1980 542 2042 illarum
554 1978 746 2057 tabularum,
770 1981 809 2042 de
826 1979 942 2060 quibus
957 1981 1069 2060 agitur,
1093 1986 1224 2046 enotata

54 2082 139 2145 esset

140 2179 211 2257 Qua
233 2197 310 2242 vero
330 2178 452 2241 ratione
475 2177 617 2258 duplices
639 2178 699 2240 orti
723 2182 824 2254 erunt,
845 2180 870 2242 si
887 2179 950 2241 no'n
970 2178 1012 2241 ab
1030 2179 1103 2260 ipsis
1113 2181 1221 2261 poetis
1327 2243 1329 2248 .

53 2277 175 2360 positi?
219 2275 451 2365 Grammaticos
480 2275 530 2337 vel
560 2275 709 2354 neglectis
740 2276 788 2339 vel
821 2296 885 2359 non
916 2276 1047 2356 cognitis
1077 2277 1222 2356 genuinis

55 2373 313 2455 inscriptionibus
343 2373 531 2454 aliquotiens
560 2392 618 2454 pro
651 2375 685 2436 iis
718 2379 818 2437 novas
852 2373 977 2437 tinxisse
1009 2377 1040 2436 et
1072 2373 1158 2436 dubii
1180 2374 1222 2436 illi

53 2471 148 2548 tituli,
169 2470 210 2534 de
231 2470 346 2551 quibus
366 2471 463 2533 modo
482 2471 627 2549 vidimus,
650 2476 745 2534 testes
767 2477 842 2534 sunl
862 2474 893 2533 et
914 2471 995 2533 infra
1017 2471 1049 2531 in
1071 2470 1221 2550 peculiari

54 2567 475 2651 capiteclariusapparebit.
512 2567 788 2648 lmprimisautem
799 2567 1088 2631 Alexandrinorum
1104 2569 1221 2645 aetate,

54 2688 131 2733 cum
142 2668 335 2747 tragicorum
348 2666 423 2728 item
433 2670 530 2746 atque
542 2665 675 2728 aliorum
685 2672 851 2746 poetarum
863 2683 964 2727 novae
973 2664 1127 2727 editiones
1138 2657 1223 2727 insti-

55 2764 272 2842 tuerentur-²),
302 2765 369 2826 sine
392 2764 488 2826 dubio
515 2764 609 2826 etiam
632 2764 664 2826 in
687 2763 842 2837 indicibus
864 2763 951 2826 haud
974 2782 1076 2843 pauca
1100 2767 1223 2826 mutata

57 2868 142 2928 sunt.
177 2862 224 2925 Ac
247 2863 336 2943 patet
358 2866 423 2942 quo
443 2860 581 2923 consilio.
613 2860 737 2924 Scilicet
761 2860 818 2923 illis
839 2860 1036 2941 temporibus
1058 2880 1131 2923 cum
1156 2861 1220 2925 iam

55 2960 162 3025 minus
191 2962 421 3040 spectarenter‚
460 2976 557 3038 quam
588 2957 804 3022 lectitarentur
837 2958 980 3034 tabulae,
1012 2958 1221 3038 grammatici,

56 3080 95 3123 no
116 3057 296 3138 legentibus
318 3057 365 3120 vel
389 3056 512 3120 lecturis
535 3054 573 3118 de
596 3055 722 3118 tatrulae
744 3059 934 3136 argumento
953 3055 1109 3119 dubitatio
1130 3058 1221 3131 esset,

56 3176 115 3238 pro
137 3154 277 3235 genuino
300 3153 391 3216 titulo
413 3153 509 3216 alium
538 3157 712 3234 posuerunt
728 3162 812 3230 eum,
836 3173 899 3234 quo
918 3152 1044 3234 planius
1062 3152 1220 3215 videretur

10 3264 12 3273 '
58 3254 210 3319 dramatis
238 3270 364 3315 summa
394 3250 535 3313 indicari.
589 3249 681 3326 Quod
716 3249 860 3314 facillime
891 3252 934 3314 ita
961 3251 1158 3327 efficiebant,
1186 3253 1222 3314 ut

60 3354 159 3435 ipsam
188 3368 255 3412 rem
286 3349 507 3424 inscriberent,
538 3367 622 3428 quae
653 3349 682 3411 in
714 3349 823 3412 tabula
850 3347 1015 3428 agebatur.
1060 3348 1110 3411 Sic
1136 3348 1221 3410 enim
1310 3351 1314 3358 '

126 3540 151 3606 1)
180 3535 364 3590 Blomtieldius
392 3535 419 3588 in
445 3536 515 3588 Mus.
538 3535 667 3588 Cantabr.
686 3535 720 3587 II.
740 3553 765 3604 p.
785 3536 847 3599 656,
871 3553 895 3588 r.
916 3535 1021 3590 Welok.
1041 3535 1123 3604 Trag.
1142 3552 1168 3602 p.
1188 3534 1219 3587 71

58 3628 111 3678 not.
127 3625 151 3677 9.

125 3711 154 3772 2)
174 3708 268 3772 erode
283 3707 398 3760 Tzetzae
416 3705 604 3760 testimonium
623 3709 722 3769 exstat,
741 3706 858 3758 allatum
878 3705 997 3760 aKeilio
1015 3705 1220 3759 inMus.Rhen.

59 3795 162 3850 VOLVI.
182 3811 209 3860 p.
221 3794 272 3846 243
290 3794 450 3861 Ἀλέξανδρος
465 3793 477 3841 ὅ
493 3793 604 3850 Αἰτωλὸς
623 3795 808 3863 καίΛακόφρῳν
826 3792 991 3851 exclamate
1008 3792 1074 3844 α’λλοί
1093 3794 1220 3858 καλΖηνό-

21 3926 25 3931 .
58 3882 127 3940 derce
149 3880 162 3930 ὃ
180 3881 283 3939 mione
306 3879 344 3946 τῷ
363 3880 510 3946 Ψιλαδίλςῳ
531 3879 679 3947 Πτολεμαίῳ
703 3883 892 3946 αυνῳνηίλίντες
916 3880 1049 3941 βασιλικῶς
1070 3879 1082 3929 ὅ
1104 3881 1150 3938 μίν
1175 3879 1221 3936 τὰς

57 3965 100 4033 τῆς
117 3965 277 4035 τραγῳδίας,
296 3967 431 4031 Λυκόφρων
449 3965 475 4014 δι’
494 3965 542 4022 τοὶς
559 3964 605 4031 τῆς
623 3966 752 4032 κωμῳδίας
769 3965 873 4027 βίβλους
890 3965 1042 4034 diciplinam
1048 4001 1057 4024 ,
1082 3965 1220 4031 Ζηνόδοτος

57 4053 81 4104 λλ
98 4052 147 4111 τὰς
159 4048 303 4123 Ὁμηρείους
321 4050 362 4101 καί
380 4048 433 4102 τῶν
449 4049 563 4120 larnaria.
