2782 4566
675 189 713 254 15

89 378 238 457 Ἀχαιῶν
262 372 416 456 σύλλογον
437 373 591 437 dixerunt.
643 372 755 452 ltaque
783 370 953 453 ampliores
975 369 1043 433 illos
1071 370 1189 434 indices
1213 389 1277 433 non

89 479 304 542 dicurtarunt
333 471 547 556 grammatici,
575 471 630 535 sed
653 471 708 552 ipsi
738 471 868 534 demum
899 469 1090 534 effinxerunt
1122 490 1159 534 ea
1183 470 1275 533 nimi·

89 597 176 642 rum
200 579 325 650 mente,
355 577 391 637 ut
416 572 601 637 certioribus
623 569 720 636 titulis
747 570 852 652 aptius
878 569 1060 635 fabularum
1088 574 1279 652 argumenta

90 677 333 742 indicarentur.

634 851 706 931 par.
730 833 761 898 5.

192 957 349 1037 insignius
371 958 479 1019 autem
500 951 665 1034 aliquanto
688 953 769 1015 inter
789 971 823 1016 se
844 956 965 1016 veteres
987 952 1185 1035 discrepant,
1208 973 1282 1017 cum

101 1079 162 1123 eos
186 1057 306 1131 titulos,
329 1072 465 1136 quorum
486 1071 602 1114 nomen
617 1051 778 1132 proprium
797 1052 954 1116 adiectiro
967 1052 1015 1116 vel
1033 1052 1095 1116 alio
1111 1054 1283 1133 agnomine

103 1162 242 1224 auctum
264 1156 382 1229 fertur,
403 1157 472 1216 tum
493 1155 621 1214 servato
644 1170 696 1227 e0‚
719 1154 788 1214 tum
815 1152 931 1215 omisso
954 1153 1096 1217 tradunt.
1146 1154 1180 1216 ln
1203 1154 1284 1217 eius-

107 1259 197 1322 modi
212 1258 307 1338 igitur
327 1253 551 1318 additamentis
567 1252 642 1333 quid
660 1252 768 1333 poetis,
791 1251 866 1334 quid
887 1253 1115 1334 posterioribus
1131 1255 1287 1318 debeatur

107 1360 286 1425 videndum
309 1357 400 1421 nobis
422 1356 492 1420 erit.
533 1353 749 1434 Reperiuntur
772 1355 879 1415 autem
899 1354 1030 1418 omnino
1051 1355 1082 1418 in
1104 1355 1139 1418 iis
1162 1354 1288 1430 tabulis,

110 1460 239 1546 quaesi
258 1477 321 1522 non
339 1457 449 1520 eadem
466 1474 613 1537 persona,
635 1459 668 1518 at
691 1455 803 1518 eodem
822 1456 950 1519 nornine
968 1455 1097 1537 proprio
1119 1455 1286 1537 inscriptae

109 1565 198 1626 sunt.
243 1560 355 1640 ltaque
373 1578 411 1621 ea
435 1574 545 1619 eorum
569 1555 616 1618 vis
639 1558 703 1631 est,
726 1557 762 1617 ut
784 1556 991 1635 cognomines
1011 1554 1152 1619 eiusdem
1175 1562 1289 1638 poetae

111 1659 246 1726 tabulae
268 1659 350 1732 inter
371 1677 404 1721 se
427 1656 666 1737 distinguantur
679 1656 712 1730 ¹).

197 1759 322 1822 Tamen
359 1755 454 1819 etiam
489 1775 597 1820 earum
630 1754 828 1832 fabularum,
859 1754 942 1818 inter
974 1774 1055 1836 quas
1091 1755 1290 1819 discernendi

112 1851 203 1924 nulla
224 1876 321 1922 causa
341 1855 416 1935 fuit,
445 1855 603 1936 siquidem
635 1874 700 1918 non
723 1855 928 1934 cognomines
949 1853 1069 1919 alterae
1091 1857 1291 1928 exstiterunt,

113 1961 202 2024 duae
226 1956 414 2039 ampliorem
443 1954 569 2018 titulum
596 1954 717 2031 terunt,
749 1954 917 2036 Euripides
938 1958 1097 2035 superstes
1126 1957 1291 2037 tragoedia

110 2057 272 2140 Ἡρακλῆς
288 2052 486 2137 μαινόμενος
506 2057 538 2118 et
551 2054 729 2137 Sophoclea
744 2055 881 2136 satyrica
892 2053 1048 2138 Ἡρακλῆς
1063 2056 1110 2118 ἕκὶ
1130 2055 1291 2136 Ταινάρῳ.

114 2160 162 2224 De
177 2158 292 2240 quibus
303 2156 378 2238 quid
391 2156 585 2219 censendum
601 2156 650 2231 sit,
669 2174 741 2218 cum
753 2155 801 2218 vel
816 2155 884 2236 ipsa
896 2156 978 2220 ratio
997 2157 1122 2234 indicat,
1139 2157 1290 2239 quoniam

117 2256 336 2336 distinguendi
358 2255 410 2321 illa
431 2274 527 2319 causa
544 2255 669 2329 deerat,
691 2257 759 2317 tum
784 2274 823 2318 ex
843 2257 986 2318 veterum
1010 2256 1195 2320 testimoniis
1217 2257 1292 2321 satis

116 2357 299 2422 luculenter
328 2358 468 2437 apparet.
519 2353 627 2435 Atque
647 2361 845 2434 μαινομένου
863 2374 1023 2435 agnomen
1046 2356 1109 2419 iam
1133 2356 1225 2420 video
1248 2358 1290 2420 ad

116 2456 255 2521 nibilum
290 2455 458 2518 reductum
490 2473 556 2516 esse
567 2454 602 2528 2).
657 2453 690 2515 ln
723 2453 900 2535 Sophocleo
928 2455 1035 2531 titulo,
1075 2456 1291 2538 quem‘baud

115 2558 309 2620 cunctanter
336 2554 488 2617 editiones
512 2550 672 2631 Ἡρακλέα
698 2551 754 2614 ἐπὶ
793 2551 944 2634 Ταινάρῳ
986 2555 1130 2619 scribunt
1159 2561 1190 2620 et
1228 2577 1293 2639 quo

117 2654 182 2718 dici
203 2652 329 2717 videtur
352 2651 523 2715 »Hercules
545 2652 576 2715 in
598 2651 745 2715 Taenaro
768 2652 964 2716 descendens
992 2653 1232 2720 ad'rCerberum
1261 2657 1293 2720 in

117 2755 226 2818 lucem
247 2750 488 2828 educendum«,
520 2749 666 2814 Herculis
695 2770 813 2815 nomen
847 2751 972 2816 locum*
987 2753 1137 2818 babuisse
1171 2760 1297 2838 praeter

116 2872 177 2918 eos
198 2850 301 2928 locos,
333 2849 387 2914 ubi
412 2847 569 2930 Ἡρακλῆς
596 2849 746 2914 laudatur
768 2850 877 2933 (Soph.
901 2851 938 2916 fr.
961 2853 1022 2916 000
1044 2852 1121 2918 Pori.
1146 2855 1198 2932 10,
1228 2856 1296 2932 110,

116 2952 162 3016 id.
189 2950 219 3026 73
240 2950 311 3024 1103
334 2948 362 3011 fr
393 2948 452 3012 207
475 2941 583 3028 Stepb.
601 2947 673 3030 Byz.
689 2968 719 3028 p.
730 2949 801 3024 699,
825 2950 874 3029 123
898 2951 934 3014 fr.
957 2953 1018 3015 008
1040 2952 1115 3016 Hes.
1131 2954 1150 3015 2
1166 2975 1194 3036 p.
1209 2955 1296 3034 37⁶2),

118 3070 162 3114 ex
185 3049 221 3113 iis
243 3050 394 3130 apparet,
425 3046 478 3128 qui
500 3044 730 3125 ,Ἡρακλέϊσκον
760 3048 910 3113 exhibent
939 3051 989 3127 (tr.
1014 3053 1074 3115 209
1097 3051 1205 3117 Orion.
1224 3055 1294 3118 flor.

117 3158 322 3170 .-.---—.—

196 3198 220 3260 1)
238 3194 336 3260 Neque
355 3191 426 3246 enim
449 3191 518 3246 mihi
538 3191 649 3260 quidem
669 3194 826 3262 exemplum
847 3195 980 3261 occurrit,
1006 3199 1079 3252 unde
1096 3200 1180 3253 etiam
1206 3201 1296 3256 diver·

119 3299 216 3337 sorum
236 3280 378 3348 poetarum
398 3277 564 3344 cognomina
582 3279 707 3333 dramata
728 3280 779 3334 huc
798 3281 905 3337 ratione
924 3281 1059 3338 distincta
1076 3303 1134 3340 esse
1153 3291 1296 3356 appareat.

119 3368 254 3422 Ceterum
274 3364 309 3417 de
331 3364 473 3417 nonnullis
497 3365 596 3418 horum
621 3365 768 3421 titulorum
795 3366 849 3420 iam
870 3368 942 3422 Guil.
963 3369 1085 3424 Diodori.
1104 3372 1132 3424 in
1152 3373 1235 3442 Soph.
1252 3373 1296 3427 m.

120 3454 166 3509 ed.
188 3451 229 3506 lIl
250 3450 350 3505 rOxon.
370 3451 447 3515 1860)
474 3467 537 3519 pag.
557 3450 573 3504 3
593 3453 648 3505 not.
668 3452 686 3505 b
709 3455 738 3506 et
765 3454 798 3506 de
817 3454 1225 3512 Wilamowitz·Moellendorff
1240 3459 1257 3513 l.
1277 3461 1295 3514 l.

123 3557 151 3609 p.
174 3538 208 3592 59
226 3554 266 3604 sq.
285 3535 375 3590 obiter
393 3534 488 3602 aliqua
507 3540 681 3591 monuerunt.
726 3538 802 3603 Quae
827 3540 849 3593 si
874 3541 919 3594 cui
937 3540 1073 3611 copiosius
1092 3560 1144 3612 ego
1169 3524 1299 3600 dilatasse

121 3627 179 3680 hoc
197 3623 257 3677 loco
274 3639 308 3676 ao
326 3620 481 3675 rationibus
503 3621 610 3677 fulsisse
630 3624 736 3688 videar,
763 3625 871 3681 affirmo
889 3627 1009 3681 adeundi
1028 3628 1090 3683 illos
1108 3631 1167 3683 tum
1187 3631 1297 3685 demum

124 3710 291 3766 facultatem
309 3707 379 3761 mihi
394 3707 483 3770 fnisse,
503 3725 565 3761 cum
579 3726 640 3764 mea
654 3711 688 3765 de
700 3709 744 3764 his
756 3712 838 3766 rebus
851 3712 907 3766 iam
924 3714 1100 3783 scripsissem,
1118 3733 1150 3770 ac
1165 3733 1300 3773 nonnum-

125 3813 210 3865 quam
231 3793 315 3848 etiam
335 3792 419 3847 aliter
438 3809 481 3846 me
500 3796 585 3861 atque
604 3810 648 3850 eos
664 3796 766 3850 sentire
784 3799 938 3868 apparebit.
969 3800 1097 3855 Animum
1118 3805 1212 3858 autem
1231 3803 1302 3858 mihi

124 3880 212 3945 auxit,
233 3879 307 3948 quod
324 3877 381 3932 vidi
399 3895 442 3933 me
463 3878 682 3934 doctissimorum
702 3879 821 3936 virorum
841 3883 1009 3939 auctoritate
1027 3885 1161 3941 adiuvari.

196 3983 227 4050 2)
246 3982 278 4036 A.
305 3980 453 4035 Wilsmow
479 3980 498 4035 l.
523 3979 541 4035 l.
563 3999 592 4052 p.
622 3983 670 4047 60,
701 3983 761 4038 niso
785 3983 937 4040 certissimo
963 3992 1127 4056 argumento
1152 4007 1196 4056 eo,
1229 3994 1302 4061 quod

127 4066 233 4136 ubique
255 4066 329 4136 apud
348 4067 455 4122 veteres
474 4064 543 4121 haec
561 4066 658 4122 fabula
675 4084 731 4123 uno
750 4068 877 4126 Herculis
895 4068 1005 4125 nomine
1023 4076 1146 4129 vocatur.
