2782 4554
714 43 756 108 24

152 219 268 295 οἵτινες
285 223 399 303 σοφοῖν
415 222 492 304 περὶ
511 224 516 302 l
535 219 662 301 ἀχάλιν’
683 223 798 301 ἔχουσι
815 221 969 304 στόματα
986 221 1052 301 κτὲ,
1075 226 1158 288 recte
1179 223 1332 289 videntur

156 320 213 385 viri
235 320 320 386 docti
343 321 476 400 (Welck.
498 321 594 402 Trag.
616 342 648 403 p.
670 322 730 386 857
742 344 750 398 ;
773 321 900 388 Wilam.
923 323 942 385 l.
964 322 984 384 l.
1006 343 1035 403 p.
1060 323 1117 386 155
1138 323 1202 405 sq.)
1224 323 1329 404 ipsum

157 423 287 503 poetam
310 420 477 501 agnovisse
499 420 541 484 ad
563 439 616 484 eas
639 420 815 485 calumnias
837 421 1107 503 respondentem,
1131 441 1214 504 quas
1235 423 1332 487 comi-

159 539 269 584 corum
298 519 452 601 imprimis
477 519 708 602 Aristophanes
737 521 769 584 in
789 520 1050 598 Acharnensibus
1078 519 1330 601 (aetolaus)

159 620 191 683 in
230 635 304 682 eum
342 618 499 682 emiserat.
553 619 616 683 Sed
646 619 741 684 etiarn
773 620 896 701 longius
925 619 1016 683 nobis
1045 619 1220 702 procedere
1250 619 1329 684 licet.

161 717 286 783 Etenim
315 718 340 781 si
367 718 465 781 modo
493 718 594 799 (quod
623 717 763 784 affirmat
790 719 910 785 Welck.
940 719 960 781 l.
987 718 1019 799 l.)
1047 719 1221 799 fragmenti
1251 718 1330 782 illius

161 816 258 881 verba
287 817 405 880 adeas
427 817 586 882 irrisiones
608 818 790 900 respiciunt,
814 819 930 900 quibus
952 815 1041 901 σοφή
1062 817 1245 900 Melanippa
1267 818 1332 898 agi·

161 922 229 982 lata
258 919 344 994 erat,
374 915 452 980 haec
480 915 568 999 σοφή
597 916 727 994 debebit
756 918 850 982 etiam
883 920 957 981 ante
979 916 1028 981 Ol.
1052 917 1123 994 88,3
1145 916 1234 981 edita
1255 936 1331 980 esse.

162 1018 275 1098 ltaque
296 1016 382 1098 prius
405 1034 562 1101 ea‘quam
586 1015 748 1096 δεομαῑνις
776 1017 900 1098 prodiit.
943 1017 1049 1098 Atque
1070 1016 1116 1079 ita
1138 1034 1206 1080 esse
1226 1016 1332 1097 ipsum

163 1118 268 1198 σοφῆς
285 1115 477 1179 adiectivum
498 1116 679 1198 persuadet.
723 1116 775 1179 An
789 1135 866 1179 vero
883 1120 977 1197 putas
988 1115 1171 1196 Euripidem
1188 1115 1333 1179 tabulam

163 1235 255 1280 suam
279 1234 316 1279 eo
338 1215 467 1278 nomine
488 1215 646 1295 signasse,
669 1234 734 1297 qno
757 1215 985 1279 malevolorum
1008 1214 1243 1279 ludificationes
1265 1215 1335 1278 ilico

165 1316 233 1398 ipse
262 1314 451 1379 excitasset?
493 1314 605 1395 Neque
631 1315 715 1378 enim
737 1314 1013 1395 philosophantem
1037 1313 1199 1376 mulierem
1223 1313 1335 1394 depin-

164 1432 239 1493 gere
270 1411 385 1488 volult‚
417 1413 503 1494 quod
536 1413 562 1475 si
592 1412 759 1490 voluisset,
789 1413 923 1477 fortasse
951 1412 1003 1476 illa
1032 1431 1109 1476 voce
1135 1431 1210 1475 curn
1236 1412 1336 1476 ironia

165 1511 307 1593 quadam
330 1530 405 1575 usus
428 1515 519 1592 esset,
541 1512 597 1575 sed
619 1512 686 1593 ipse
704 1513 1008 1591 serioAnaxagorae
1031 1509 1157 1592 placita,
1179 1528 1266 1592 quae
1277 1511 1336 1575 etsi

165 1611 270 1693 priore
303 1613 464 1692 ternpore,
493 1614 636 1675 attamen
666 1611 732 1694 ipse
761 1615 888 1675 secutus
914 1611 1028 1688 erat¹)‚
1057 1629 1114 1691 per
1135 1609 1337 1693 Melanippae

167 1729 335 1792 personam
373 1710 608 1790 pronuntiavit,
648 1729 686 1774 ac
720 1711 846 1793 proprie
877 1709 1071 1774 comicorum
1099 1707 1239 1772 ludibria
1270 1729 1337 1773 non

167 1828 253 1885 eam,
274 1809 330 1871 sed
352 1808 456 1890 ipsum
477 1812 605 1890 poetam
629 1809 792 1890 petebant.
836 1809 947 1891 Itaque
969 1809 1053 1872 hanc
1074 1826 1147 1871 cum
1172 1807 1340 1890 Euripides

168 1906 396 1989 Μελανίππην
418 1907 639 1989 inscripsisset,
661 1908 713 1971 alii
734 1908 823 1971 haud
845 1908 888 1972 ita
909 1907 1011 1971 multo
1034 1909 1121 1988 post,
1143 1910 1180 1970 ut
1200 1908 1339 1987 videtur,

167 2007 225 2070 nisi
247 2006 353 2088 potius
374 2007 437 2070 iam
459 2006 517 2087 ipsi
535 2006 686 2089 aequales
701 2026 739 2070 eo
755 2007 857 2070 indice
872 2009 1108 2089 nuncuparunt,
1128 2025 1194 2086 quo
1206 2006 1340 2088 insignis

168 2125 322 2188 personae
343 2105 520 2188 proprietas
542 2125 581 2170 ac
594 2126 651 2188 per
668 2124 739 2170 eam
754 2106 851 2187 ipsius
869 2109 985 2187 poetae
998 2105 1158 2186 ingenium
1171 2105 1340 2185 aptissime

169 2203 410 2282 denotareturll.
455 2203 588 2268 Vinctae
609 2204 808 2287 Melanippae
837 2205 959 2286 plenior
990 2202 1099 2267 titulus
1127 2202 1216 2267 nulla
1246 2203 1342 2268 simili

169 2303 512 2369 ratione-infirmatur.
566 2303 667 2368 Valde·
691 2306 799 2367 autem
830 2303 1003 2367 dolendum
1036 2303 1138 2366 nobis.
1155 2306 1218 2382 est,
1250 2303 1343 2384 quod

170 2404 332 2468 Albanum
355 2402 495 2466 Marmor
525 2403 639 2467 certius
668 2403 760 2467 nobis
786 2402 936 2466 indicium
960 2421 1025 2466 non
1049 2402 1194 2484 praehet3
1226 2420 1342 2465 omnes

71 2496 77 2513 ⁴
171 2504 256 2565 enim
285 2502 490 2581 cognomines
521 2502 647 2566 fabulae
678 2502 719 2564 ibi
744 2501 840 2564 semel
861 2505 986 2566 tantum
1010 2502 1159 2582 leguntur
1179 2501 1212 2569 in
1236 2519 1343 2564 unum

171 2620 289 2665 nomen
313 2603 485 2664 coartatae.

253 2697 438 2778 Sequuntur
458 2697 657 2781 Sophocleae
677 2697 860 2775 Ὀδοσσεῖς,
891 2717 956 2762 una
979 2696 1191 2778 μαινόμενος,
1220 2697 1345 2778 scripta

172 2795 230 2860 ›de
258 2794 348 2859 Ulixe
384 2816 425 2860 ne
460 2798 501 2861 ad
530 2797 659 2861 Troiam
696 2797 846 2878 navigare
876 2802 1042 2878 cogeretur
1072 2796 1210 2860 furorem
1242 2797 1345 2861 simu-

170 2894 257 2958 lante
286 2899 317 2958 et
353 2915 373 2959 a
407 2895 580 2960 Palamede
612 2895 732 2959 fraudis
763 2896 943 2972 convicto«,
980 2894 1079 2957 altera
1108 2890 1345 2973 ἄκανθοπλήξ,

172 2994 260 3057 cuius
304 3012 429 3057 summa
472 2994 531 3058 fuit
573 2993 697 3057 »Ulixes
732 2991 867 3075 α’κοίνθρ
905 2989 1056 3076 τρυγόνος
1094 2991 1287 3066 θαλασσίας
1324 3011 1346 3059 a

172 3091 333 3171 Telegono
361 3091 424 3156 lilio
452 3092 637 3156 vulneratus
671 3096 702 3155 et
738 3092 889 3156 occisus«
941 3092 1085 3169 Quarum
1114 3090 1214 3156 altera
1243 3092 1344 3157 etiam

173 3191 234 3269 alio
264 3190 393 3254 nomine
419 3193 543 3270 νίπτρα
564 3193 698 3255 vocatur
721 3189 834 3272 (Soph.
858 3190 894 3254 fr.
918 3191 980 3254 420
1000 3192 1092 3254 Phot.
1113 3191 1172 3255 lea.
1196 3211 1226 3272 p.
1247 3191 1344 3271 4005

162 3294 206 3354 'et
227 3290 312 3353 Suld.
336 3309 365 3350 v.
388 3295 573 3370 παρουσία,
605 3291 659 3372 qui
684 3292 778 3354 unius
799 3291 885 3354 testis
905 3292 1007 3354 instar
1029 3290 1131 3371 sunt).
1175 3290 1246 3371 Age
1268 3309 1346 3355 vero

173 3409 215 3453 ne
238 3387 419 3451 dubitemus
445 3389 506 3453 hoc
535 3394 657 3471 νίπτρα
680 3390 863 3471 exstirpare.
906 3390 987 3454 Nam
1009 3390 1148 3471 nequid
1172 3390 1199 3453 ei
1222 3391 1268 3452 rei
1289 3389 1344 3454 tri·

173 3488 321 3566 buamus,
342 3489 429 3567 quod
451 3489 547 3554 semel
568 3494 695 3553 tantum
714 3490 838 3570 legitur,
861 3509 939 3553 num
958 3490 1015 3571 ipsi
1028 3494 1139 3571 poetae
1152 3490 1345 3554 hocnomen

247 3636 272 3698 l)
292 3631 370 3696 Quod
399 3636 487 3689 tradit
518 3636 629 3704 Dionys.
658 3636 720 3689 Hal.
749 3634 830 3690 ubet.
849 3637 908 3699 ano
936 3636 964 3688 et
989 3635 1062 3699 9,11,
1088 3653 1113 3690 v.
1132 3635 1240 3715 Welck
1260 3636 1346 3707 Trag.

176 3737 200 3787 p.
219 3718 269 3773 840
287 3737 346 3788 sqq.

243 3804 270 3873 2)
286 3803 398 3859 Wilam.
417 3806 434 3860 l.
450 3805 468 3860 l.
482 3823 508 3875 p.
523 3806 570 3859 59:
593 3822 697 3874 »neque
717 3805 841 3874 profecto
860 3777 938 3874 οορήν
951 3807 1022 3875 (scil.
1035 3806 1094 3876 ipso
1113 3808 1196 3878 poeta
1214 3806 1347 3877 vocavit),

80 3890 250 4128 *quod
268 3906 325 3946 non
340 3891 399 3946 sine
419 3891 544 3946 irrisione
564 3891 685 3962 quadam
701 3890 807 3944 dictum
826 3892 893 3947 est«.
