2782 4554
606 226 627 290 9

120 401 274 467 Graviora
296 402 462 485 aliquanto
484 426 522 471 ea
541 404 672 469 nomina
688 407 773 482 sunl,
795 425 933 487 quorum
945 407 1201 470 terminationem

28 499 203 582 gramatici
225 499 311 564 varie
334 505 537 586 scripserunt.
587 503 635 566 Ac
657 523 697 565 ne
720 502 753 566 in
776 522 814 565 eo
836 522 1086 583 commoremur,
1115 505 1202 586 quod

28 592 240 676 Ἀλέξανδρος
269 598 445 682 Sophoclea
478 607 518 666 et¹
538 600 707 681 Euripiden
742 598 850 663 fabula
887 600 984 664 etiam
1011 600 1205 683 Ἀλεξάνδρα

29 695 213 758 laudantur
235 693 287 776 (cl.
301 699 381 764 inira
396 719 462 783 par.
477 699 531 782 11)
555 703 612 763 aut
634 697 721 780 quod
747 697 925 778 Τημενίδες
945 718 1004 780 pro
1027 699 1207 782 Τημενίδαι

31 792 97 874 (ab
120 811 186 854 uno
207 791 364 875 Stohaeo)
393 797 523 875 dicitur,
553 800 627 860 sunl
650 795 702 859 illa
728 792 817 858 chori
838 795 986 874 nomina,
1015 816 1097 878 quae
1119 798 1205 880 apud

28 891 115 954 alios
137 890 169 952 in
199 891 419 970 masculinam,
433 914 434 918 ¹
447 895 534 977 apud
556 894 633 958 alios
654 894 686 955 in
709 890 894 955 femininam
916 892 1051 957 formam
1075 895 1205 959 cadunt.

27 987 220 1052 Aretissime
252 989 346 1069 igitur
372 991 432 1054 hoc
461 1010 533 1055 curn
558 1012 596 1056 ea
618 984 802 1073 quaestione
824 989 990 1069 cohaeret,
1019 1011 1117 1075 quam
1139 1012 1205 1056 non

28 1087 157 1167 ubique
178 1084 351 1151 diiudicare
373 1089 453 1167 licet,
475 1094 582 1153 utrum
599 1088 654 1151 viri
668 1106 710 1151 an
727 1084 874 1148 mulieres
888 1087 1021 1152 chorum
1035 1087 1204 1153 effecerint.

26 1185 212 1247 Remotum
236 1185 409 1250 tamenab
432 1207 469 1251 ea
492 1188 539 1250 est
551 1183 802 1266 Sophoclearum
815 1182 1064 1262 αἰχμαλωτίδων
1075 1207 1203 1264 nomen,

28 1299 121 1362 quae
146 1278 313 1360 aliquoties
336 1285 432 1348 etiam
457 1281 657 1364 αἰχμάλωτοι
678 1283 826 1361 vocatur3
848 1301 925 1345 nam
948 1303 988 1346 ne
1005 1281 1206 1364 αἰχμάλωτοι

28 1377 179 1460 quidem,
201 1384 357 1456 quantum
379 1382 477 1460 video,
496 1382 557 1445 alia
574 1381 711 1461 usquam
731 1377 788 1440 nisi
804 1377 955 1443 feminina
966 1383 1095 1446 notione
1115 1401 1207 1445 usur-

28 1478 143 1557 patur.
157 1474 274 1537 Eorum
286 1481 394 1541 autem
405 1480 581 1554 titulorum,
596 1477 651 1559 qui
662 1476 743 1538 inter
754 1474 965 1539 masculinum
977 1482 1008 1542 et
1018 1480 1202 1551 femininum

28 1576 171 1639 chorum
189 1573 427 1638 diiudicandum
443 1565 606 1658 praebent,
624 1575 663 1637 de
678 1571 837 1636 nonnullis
854 1572 973 1654 liquida
995 1576 1057 1640 iam
1076 1597 1125 1641 res
1139 1584 1203 1653 est;

32 1690 176 1755 quorum
184 1669 260 1733 satis
268 1672 325 1734 erit
334 1674 496 1737 meliorem
505 1673 642 1736 formam
651 1669 845 1750 ascripsisse:
859 1662 1006 1755 Aeschyli
1014 1673 1163 1736 Αἰτναῖον
1169 1674 1207 1757 ¹),

30 1770 232 1847 Ἐλευσίνιοι,
252 1769 479 1853 haecomnia,
501 1768 707 1850 Σαλαμίνιοι,
727 1766 893 1848 Sophoclis
910 1766 1066 1851 Λήμνιαι,
1086 1770 1207 1852 {lapsis

35 1866 307 1952 rleaqraiarl).
348 1869 393 1931 De
414 1869 480 1933 aliis
500 1887 575 1932 vero
598 1866 703 1928 minus
723 1864 886 1928 evidenter
906 1870 1010 1947 patet,
1033 1868 1108 1949 quid
1132 1888 1206 1933 cen·

37 1967 174 2031 sendum
196 1965 244 2027 sil.
285 1966 392 2048 Atque
414 1966 590 2048 Aeschylea
612 1960 754 2045 Λήμνιοι
774 1961 806 2024 in
828 1981 893 2025 uno
916 1965 1062 2046 catalogo
1084 1985 1206 2031 memo·

38 2068 136 2128 ratur.
184 2061 280 2126 Cuius
309 2065 397 2146 quod
428 2066 652 2146 argumentum
684 2060 777 2123 luerit
805 2063 969 2143 quaerenti
1000 2063 1117 2125 nemini
1140 2083 1204 2127 non

39 2163 146 2225 statim
184 2159 306 2224 Lemnii
347 2163 427 2226 illius
465 2162 661 2226 Philoctetae
702 2158 734 2220 in
777 2162 918 2221 mentem
959 2159 1063 2237 venit,
1109 2179 1204 2242 quem

39 2258 212 2342 Sophocles
242 2259 335 2322 nohis
366 2261 516 2341 depinxit.
571 2258 670 2341 Atqui
705 2256 801 2320 etiarn
835 2253 1035 2338 Φιλοκτήτου
1065 2258 1206 2340 Aeschy-

40 2358 104 2422 leae
131 2360 164 2419 et
188 2356 221 2418 in
243 2357 388 2437 catalogo
411 2363 441 2422 et
463 2357 603 2439 alioquin
626 2354 743 2418 mentio
765 2353 816 2429 lit,
848 2356 945 2435 atque
969 2356 1055 2419 hunc
1078 2357 1204 2419 titulum

39 2456 89 2518 vix
110 2453 201 2516 noles
222 2454 250 2516 ei
273 2455 399 2520 fabulae
420 2455 568 2532 tribuere,
591 2472 656 2535 qua
678 2449 870 2533 Aeschylum
892 2470 957 2514 non
979 2453 1084 2516 minus
1106 2475 1202 2536 quam

39 2556 157 2615 ceteros
169 2550 325 2632 principes
337 2553 457 2616 Lemnii
469 2553 662 2616 Philoctetae
680 2569 729 2612 res
748 2554 900 2613 tractasse
916 2553 947 2613 et
963 2551 1052 2613 cuius
1071 2552 1205 2616 chorum

40 2651 113 2712 ilem
145 2653 243 2729 atque
272 2650 302 2711 in
326 2649 496 2732 Euripidea
522 2648 702 2728 cognomini
725 2647 871 2710 Lemnios
895 2649 988 2711 fuisse
1011 2648 1205 2713 nobilissimo

41 2749 105 2811 loco
128 2745 296 2827 constare).
340 2747 450 2830 ltaque
466 2744 609 2830 Λήμνιοι
630 2746 726 2810 debet
743 2750 800 2810 aut
817 2747 958 2810 eiusdem
975 2745 1102 2811 fabulae
1118 2749 1206 2811 cuius

40 2929 213 2983 Hermannus
231 2926 261 2978 in
280 2925 405 2980 Berichle
427 2927 475 2981 der
492 2926 603 2995 Konigl.
622 2924 801 2979 sachsischen
821 2925 1007 2981 Gesellschaft
1025 2926 1074 2980 der
1086 2926 1205 2980 Wissen·

10 3058 12 3067 .
40 3014 166 3069 schaften
186 3011 207 3066 Ι.
225 3030 251 3080 p.
272 3013 329 3067 119.

110 3117 137 3185 1)
158 3116 235 3181 Quod
258 3116 342 3169 etiarn
367 3116 489 3170 traditur
512 3108 609 3168 Λῗτιαι
632 3114 731 3183 (Aeech
757 3114 791 3168 fr.
810 3115 826 3167 6
845 3114 939 3185 Steph.
960 3116 1021 3185 Byz.
1040 3135 1066 3185 p.
1083 3117 1160 3182 leue
1182 3137 1205 3172 v.

40 3205 159 3272 Παλαή;
186 3203 218 3256 ir.
240 3204 254 3255 7
276 3202 360 3257 schol.
381 3202 412 3256 ll.
432 3202 518 3256 XVII.
540 3221 563 3256 v.
586 3202 658 3268 183),
691 3201 814 3271 suspicor
837 3203 932 3256 eadem
956 3203 1063 3258 ratione
1090 3221 1123 3258 ex
1142 3221 1206 3258 vera

41 3289 159 3344 nominis
185 3289 273 3343 torma
306 3289 481 3342 decurtatum
509 3305 565 3342 esse
590 3305 646 3356 qua
670 3288 823 3357 Sophoclea
846 3290 967 3358 Μυκῆναι
991 3306 1040 3360 pro
1059 3294 1207 3359 Μοιηιαναι

42 3377 151 3431 dicitur.
199 3374 289 3428 Etiam
324 3367 410 3426 Λῖτνα
444 3373 582 3443 reperitur
612 3375 656 3443 (fr.
694 3375 724 3428 ll
756 3373 798 3428 J0.
827 3374 894 3444 Lyd.
923 3376 957 3429 de
986 3393 1070 3432 mens.
1102 3396 1128 3447 p.
1156 3381 1206 3432 274

41 3465 80 3519 ed.
97 3463 178 3532 Has.;
195 3462 227 3516 fr.
247 3464 262 3514 5
281 3461 400 3514 Macroh.
420 3461 476 3513 Sat.
496 3461 520 3525 5,
542 3461 580 3524 19,
602 3460 654 3530 l‘l),
674 3460 748 3529 quod
767 3460 842 3514 urbis
859 3476 959 3516 nomen
979 3466 1035 3530 est;
1055 3465 1206 3522 ctWelolr.

41 3550 130 3605 Prom.
149 3567 177 3618 p.
196 3548 253 3602 566.
272 3549 329 3600 not.
348 3547 406 3600 878.

108 3654 136 3722 2)
156 3652 234 3717 Quod
253 3649 360 3705 Welclr.
379 3651 460 3720 Trag.
480 3669 505 3719 p.
525 3651 574 3704 357
594 3649 663 3704 dicit
680 3651 765 3705 semel
784 3651 857 3705 tradi
876 3655 1053 3720 Μυκηναίους,
1072 3671 1207 3722 nusquam

43 3740 71 3793 in
89 3738 258 3794 editionibus
276 3736 394 3791 invenie.

110 3843 139 3903 3)
159 3842 212 3896 Dio
230 3842 369 3910 Chrysost.
389 3858 427 3896 or.
439 3841 472 3895 52
491 3857 540 3909 por
558 3840 645 3908 4sqq.
665 3859 727 3895 curn
746 3843 802 3895 tres
821 3841 904 3895 trium
923 3841 1078 3912 principum
1098 3843 1207 3898 Philoc-

40 3936 114 3986 tetae
141 3929 214 3983 inter
238 3945 268 3983 se
288 3931 445 3998 comparat,
471 3946 495 3981 v.
515 3927 621 3980 Nauck.
646 3927 662 3980 l.
684 3926 700 3979 l.
727 3946 752 3996 p.
771 3927 830 3982 482.
873 3929 932 3983 Uno
957 3929 1039 3983 verbo
1065 3929 1132 3983 satis
1156 3931 1210 3983 erit

38 4014 186 4071 Welckeri
210 4015 368 4085 opinionem
394 4029 635 4077 commemorasse,
657 4013 705 4080 qui
729 4013 799 4066 Mus.
819 4013 1126 4084 nhen.v01.5p.4oo
1150 4033 1208 4083 sqq.

35 4102 170 4172 trilogiae
185 4100 345 4157 efficiendae
364 4100 456 4170 gratia
475 4101 655 4154 contenderat
667 4100 797 4168 Λημνίους
818 4116 878 4154 eam
899 4118 955 4155 esse
975 4101 1106 4166 fabulam,
1124 4118 1206 4168 quam
