2782 4554
673 208 714 272 34

107 384 231 471 ρτρώτῳ
253 409 291 453 ex
313 387 474 468 σατυρικῷ
495 387 680 468 corruptum
703 405 770 450 esse
791 386 912 451 Nauck.
934 385 953 449 l.
976 387 996 449 l.
1018 409 1048 470 p.
1067 390 1130 454 350
1149 395 1289 487 censuit,

110 509 149 554 ac
171 494 255 554 reete
277 489 407 566 censuit,
431 487 488 550 nisi
511 506 586 551 casu
608 486 735 564 accidit,
757 487 845 568 quod
868 487 908 551 de
929 488 991 552 alia
1012 491 1152 571 satyrica
1176 492 1285 557 denuo

109 591 204 655 docta
234 589 310 653 nihil
339 587 430 653 nobis
456 591 577 651 veteres
600 586 846 668 prodiderunt¹).
888 587 954 651 lam
978 607 1017 651 ex
1040 588 1104 668 his,
1133 610 1223 673 quae
1243 593 1284 656 de

109 687 351 769 cognominibus
374 685 489 750 fabulis
513 684 654 766 exposita
680 687 774 762 sunt,
804 687 839 747 ut
868 685 1025 749 rationem
1048 686 1284 769 subducamus,
1311 748 1317 753 .

110 785 195 849 iniis
212 784 564 869 quoqueoognovimus
585 780 867 861 simpliciores
889 782 1109 846 titulorum
1128 783 1284 850 formas
1319 822 1322 827 ,

110 883 212 965 ipsis
233 883 373 963 poetis
395 879 558 955 deberi,
581 878 878 957 grammaticos
901 881 1128 943 certiorem
1151 881 1285 961 signi·

109 977 352 1042 ficationem
374 997 418 1041 ac
443 973 758 1039 distinctionem
788 977 1018 1056 appetiisse
1040 997 1087 1041 ea
1111 980 1284 1044 ratione

109 1080 170 1155 ut,
199 1077 265 1141 ubi
288 1077 503 1141 breviores
525 1077 642 1139 erant
663 1073 831 1153 genuini
854 1076 1029 1154 indices,
1051 1079 1282 1156 agnomina

108 1175 406 1239 adscriberent
427 1193 737 1254 nonnumquam
761 1173 989 1252 ineptiora.

581 1436 588 1459 i
621 1411 692 1477 par.
714 1394 764 1460 10.

193 1520 344 1604 Sequitur
370 1520 452 1583 inter
481 1518 636 1601 pleniores
665 1518 783 1582 indices
812 1522 847 1581 ut
875 1519 914 1582 de
942 1520 978 1582 iis
1006 1519 1195 1597 videam,
1230 1520 1283 1603 qui

112 1618 239 1700 proprie
260 1616 398 1700 duplices
420 1619 577 1681 dicuntur.
622 1618 704 1682 Sunt
726 1621 850 1692 autem,
881 1636 961 1698 quos
982 1621 1112 1698 propter
1134 1623 1281 1682 veterum

112 1716 291 1780 testimonia
313 1734 371 1797 pro
391 1715 482 1777 certis
499 1715 674 1778 etiamnum
694 1719 849 1792 tenemus,
872 1715 953 1777 hice:
979 1717 1125 1798 Aeschyli
1140 1720 1248 1799 Κᾶρες
1265 1712 1285 1791 ἢ

111 1810 257 1896 Εὐρώπη
279 1817 420 1895 (praeter
440 1815 621 1896 calalogum
644 1813 757 1875 Aesch.
780 1814 816 1876 fr.
830 1813 870 1876 96
887 1812 996 1893 Steph.
1012 1812 1084 1896 Byr.
1106 1835 1139 1896 p.
1157 1818 1283 1895 461,16,

45 1982 47 1986 ,
111 1913 166 1993 qui
194 1911 256 1977 alio
285 1911 371 1988 loco,
402 1913 438 1975 lr.
459 1913 499 1975 95
522 1933 553 1994 p,
576 1912 706 1989 707‚13‚
739 1909 828 1974 chori
858 1911 985 1973 nomine
1009 1912 1281 1995 repugnant),

111 2009 237 2091 Σεμέλη
257 2004 279 2092 ἢ
299 2006 475 2091 ύδροφύροι
497 2008 621 2087 (catal,
650 2009 704 2090 qui
725 2013 803 2089 Σεμ.
826 2002 848 2090 ἢ
868 2005 1047 2091 ὑδροφόρος
1068 2010 1218 2086 exhibet;
1246 2012 1282 2074 f.

110 2106 171 2169 217
196 2106 293 2169 schol.
316 2106 344 2170 A
365 2106 397 2169 ll.
420 2108 440 2169 4
460 2126 491 2168 v.
511 2108 601 2184 319),
637 2098 729 2187 Ἆργο)
753 2101 776 2189 ἦ
795 2111 973 2169 renarrat
1001 2105 1124 2185 (catal,
1156 2107 1190 2170 in
1218 2128 1282 2190 quo

108 2202 145 2264 Ἀ.
164 2198 186 2284 ἧ
201 2200 401 2285 κωπαοτής),
422 2201 545 2284 Φρύγες
557 2199 579 2288 ἢ
584 2199 734 2283 Ἕκτορος
747 2201 850 2284 λύτρα
867 2203 993 2287 (catal.;
1014 2203 1112 2268 schol.
1124 2206 1181 2269 Ar.
1194 2206 1277 2271 Ran.

109 2317 140 2362 v.
158 2299 238 2375 9113
258 2300 357 2364 schol.
376 2319 438 2363 rec.
461 2300 518 2375 ib.;
543 2300 666 2380 Φρύγες
683 2296 705 2383 ἢ
725 2298 843 2380 λύτρατ
866 2303 901 2365 fr.
922 2302 982 2365 956
1001 2300 1081 2367 Poll.
1100 2300 1208 2381 7‚131‚
1230 2302 1283 2383 qui

111 2395 174 2460 alio
195 2396 278 2474 loen,
300 2396 386 2476 7,91,
409 2398 446 2460 fr.
467 2398 528 2461 260
550 2396 679 2478 Φρύγας
700 2399 827 2472 laudat3
857 2396 879 2481 ἥ
890 2395 1040 2480 Ἕκτορος
1060 2398 1205 2482 λύτροις,
1227 2400 1282 2467 ubl

109 2493 257 2558 videntur
275 2494 311 2556 ἐν
332 2495 456 2573 Φρυξὶν
475 2496 643 2560 excidisse:
666 2497 700 2558 ir.
720 2495 779 2558 466
796 2497 869 2559 Hes.
887 2498 906 2559 b
927 2518 956 2579 p.
975 2497 1063 2575 1394,
1085 2499 1141 2581 qui
1156 2502 1280 2564 cetero-

109 2590 185 2671 quin
207 2591 332 2672 saepius
353 2611 454 2655 unum
477 2593 564 2656 chori
585 2612 703 2657 nomen
724 2592 878 2673 exhibet),
902 2588 1282 2677 θεωροῐῆΊσθμιασταί

110 2688 231 2768 (catal,
254 2690 286 2751 in
309 2690 377 2754 cod.
398 2691 481 2755 Med.
502 2691 664 2773 θεόδωροι
684 2687 706 2777 ἤ
726 2693 911 2773 ίσομισταί;
936 2694 972 2756 lr.
994 2693 1033 2755 76
1055 2692 1130 2758 Hes.
1152 2694 1173 2758 b
1195 2716 1229 2779 p.
1250 2696 1278 2774 7,

110 2787 165 2867 qui
185 2787 352 2866 abolore,
375 2789 389 2851 1
415 2808 445 2869 p.
465 2789 544 2867 486,
567 2791 604 2853 ir.
626 2792 665 2854 75
686 2787 901 2872 Ἰσθμιαστοίς
923 2789 1084 2871 exhibet),
1098 2782 1280 2875 'Sophoclis

107 2883 230 2963 Ἀτρεύς
249 2880 271 2967 ἢ
292 2876 483 2966 Μυκηναῖοι
505 2886 619 2968 (Soph.
646 2889 682 2950 sr.
705 2888 764 2951 138
785 2887 858 2951 Hes
882 2889 895 2951 l
921 2907 951 2968 p.
974 2888 1063 2965 1386,
1085 2889 1157 2952 cod.
1179 2888 1283 2970 Ἀτρεῖ

105 2976 128 3064 ἢ
149 2981 351 3066 Μυκήναις),
382 2981 549 3065 Πανδώρα
572 2980 595 3066 ἢ
615 2981 818 3066 σφυροκόποι
846 2984 896 3065 (fr,
918 2985 980 3047 lla
1002 2984 1074 3049 Hes.
1096 2986 1116 3049 Φ
1136 3008 1169 3069 p.
1190 2986 1280 3069 241),

108 3078 263 3161 Euripidis
297 3079 411 3145 nullus.
468 3081 598 3145 Minime
628 3085 735 3172 autern
764 3083 883 3164 ubique
912 3082 974 3145 liae
1003 3082 1133 3149 fabulae
1161 3084 1277 3167 duplici

106 3176 217 3257 titulo,
248 3177 345 3240 immo
376 3178 469 3257 longe
497 3179 530 3241 in
560 3178 703 3260 plurimis
729 3178 804 3243 locis
825 3176 977 3243 alterutro
1000 3182 1126 3242 tantum
1148 3180 1278 3245 nomine
1320 3244 1322 3251 .

107 3278 241 3338 vocatae
252 3279 335 3339 sunt.
358 3276 482 3340 Tamen
492 3296 558 3340 non
568 3277 673 3353 mirer,
689 3278 714 3340 si
726 3277 805 3341 forte
815 3278 988 3341 etiamnum
999 3278 1122 3357 vulgari
1135 3279 1278 3361 opinioni

107 3390 254 3436 assensus
291 3373 460 3456 plerosque
493 3377 589 3438 testes
624 3377 744 3438 veteres
778 3374 940 3439 mutilasse
969 3375 1109 3457 duplices
1139 3375 1211 3441 illos
1242 3395 1280 3442 ac

51 3625 56 3634 ·
176 3591 204 3660 1)
226 3591 354 3647 Ceterum
378 3593 407 3646 in
426 3593 582 3648 universum
603 3594 636 3648 de
656 3593 698 3647 his
717 3593 819 3647 fabulis
837 3593 926 3663 primo
944 3594 1044 3648 obtutu
1063 3594 1168 3650 mirum
1189 3596 1281 3653 rideri

105 3677 213 3746 potest,
239 3679 312 3746 quod
331 3696 386 3733 non
403 3679 497 3748 plnres
517 3679 602 3734 etiam
621 3672 703 3748 quam
724 3681 796 3732 duae
815 3679 950 3733 editiones
967 3682 1173 3748 momorantur,
1199 3682 1281 3753 quasi

104 3760 146 3815 bis
171 3763 281 3817 tantum
308 3765 423 3819 eandem
450 3765 573 3820 fabulam
601 3765 698 3820 docere
724 3765 834 3819 licuerit
859 3766 909 3818 ant
931 3781 1041 3834 prorsus
1058 3765 1141 3821 aliud
1157 3768 1213 3823 sibi
1232 3768 1283 3837 illa

104 3846 184 3918 signo
204 3849 303 3903 velint.
340 3851 393 3904 Sed
419 3869 474 3904 non
499 3852 569 3906 alias
594 3851 728 3906 editiones
748 3851 801 3904 diei
822 3854 1037 3906 consentaneum
1054 3853 1113 3917 ert,
1138 3852 1195 3909 nisi
1214 3870 1284 3924 qm

107 3932 158 4002 ipsi
176 3937 276 4003 poetae
294 3936 493 4002 instituerunt,
519 3936 652 3991 iissautem
671 3939 765 3990 autem
786 3936 832 3990 vix
855 3937 917 4004 plus
939 3937 1023 3991 semel
1041 3938 1153 3993 easdem
1172 3940 1285 3997 fabulas

105 4023 301 4075 retractarunt.
