2782 4554
670 201 715 266 20

112 402 248 448 nomen
264 380 460 465 proprium
480 381 610 456 luisse,
622 381 1272 462 posteriorisdemumadditamento
1292 378 1299 457 ’ς

111 487 265 547 auctum
272 481 305 560 ¹).
333 479 431 544 btorlo
448 482 534 544 enim
549 484 686 562 repth
707 499 793 562 qnae
807 481 939 543 omnino
951 480 1117 545 titulorum
1132 481 1214 546 ratio
1226 481 1267 544 sil.
1286 462 1299 527 -¹

110 582 165 646 rsr
180 587 289 647 autem
304 583 456 645 nimirum
471 600 520 651 ea.
544 585 578 644 ul
590 581 871 662 qnamaptissime.
893 581 993 661 magis
1000 582 1109 662 etiam,
1133 587 1264 664 utquam

110 683 296 746 brevissime
306 682 487 761 argumenti
500 699 628 744 summa
640 681 804 743 iudicetur.
824 680 906 744 Nam
921 682 946 742 si
961 682 1075 756 minus,
1093 700 1172 745 num
1185 681 1263 762 longe

111 781 267 864 plurimae
288 780 417 846 tabulae
437 780 573 861 simplici
600 781 695 842 unius
716 798 874 860 personae
895 782 1041 855 nomine,
1071 781 1126 844 ubi
1149 781 1259 863 quidem

111 899 176 944 non
209 881 328 945 chorus
360 880 462 960 magis
493 879 630 960 placuit,
666 879 834 959 inscriptae
866 881 994 943 esseut?
1042 880 1110 943 Nec
1147 884 1259 963 poetam

110 979 255 1061 putabis,
277 999 349 1042 cum
373 981 509 1060 priorem
532 979 659 1051 erlebnt,
680 979 743 1041 iam
766 978 895 1042 ulterius
912 980 1100 1043 scribendae
1122 986 1180 1043 aut
1198 998 1258 1043 con·

111 1080 214 1143 silium
237 1081 357 1160 cepisse
379 1083 435 1142 aut
467 1081 570 1160 ipsum
599 1080 723 1141 initium
745 1079 853 1142 iecisse
883 1082 980 1159 atque
1000 1079 1075 1141 irinc
1097 1079 1126 1142 ei
1149 1096 1257 1142 causan

111 1179 281 1254 exstitisse,
316 1198 374 1242 cur
410 1180 505 1242 etiam
538 1179 676 1259 priorem
706 1179 839 1241 certiore
868 1177 961 1240 titulo
988 1177 1172 1242 adornaret.
1210 1175 1257 1241 Set

111 1278 300 1341 distinctioni
323 1277 404 1341 iuter
426 1279 633 1357 cognomines
653 1276 838 1340 efficiendae
860 1280 972 1357 poeta,
999 1283 1158 1357 quantum
1181 1277 1258 1359 ipsius

112 1377 279 1453 intererat,
309 1366 648 1452 satisfaciebat,'cum
674 1377 881 1458 poster-iorem
911 1375 973 1438 sub
999 1377 1155 1458 ampliore
1175 1376 1282 1439 indice¹

111 1477 286 1541 emittebat.
329 1475 398 1539 Hoc
415 1480 522 1539 tamen
535 1495 617 1557 opus
627 1476 722 1539 luisse
735 1480 823 1556 puto,
844 1481 879 1538 ut
894 1476 995 1539 attera
1004 1496 1082 1540 sane
1096 1478 1200 1542 tabula
1210 1477 1256 1539 iau

111 1576 154 1639 ab
184 1577 252 1658 ipso
283 1579 379 1657 poeta
408 1576 549 1657 pleniore
579 1575 671 1639 titulo
700 1577 911 1655 insigniretur.
953 1576 1064 1658 Neque
1086 1579 1170 1641 enim
1190 1577 1256 1640 certa

110 1676 217 1739 adbuc
239 1676 385 1757 exempla
408 1676 573 1751 habemus,
595 1674 712 1756 quibus
733 1676 907 1739 doceamur
930 1677 1055 1757 utrique
1076 1676 1171 1740 tuisse
1192 1677 1256 1740 iden

111 1775 244 1857 simplex
277 1795 393 1838 nomeu
424 1775 587 1856 proprium
617 1775 842 1856 inscriptum2),
887 1778 994 1858 Atque
1024 1777 1085 1840 troc
1113 1778 1257 1842 modoiu·

112 1877 272 1939 versoria
292 1877 389 1939 etiam
409 1895 448 1938 eo
465 1876 678 1957 pervenimus,
701 1878 736 1937 ut
754 1895 829 1957 quo
848 1880 1016 1956 tempore
1032 1878 1257 1956 cognomines

112 1975 326 2057 prodierint
348 1976 498 2039 extremis
515 1975 644 2056 quidem
667 1975 784 2037 linibus
806 1975 898 2038 liceat
918 1977 1139 2042 determinare.
1181 1976 1257 2041 Cuius

111 2074 196 2138 enim
214 2075 341 2139 titulum
356 2075 535 2137 breviorem
556 2075 649 2137 tuisse
663 2074 711 2136 vel
727 2079 853 2138 constat
870 2075 918 2137 ret
934 2076 1078 2138 evincere
1091 2078 1258 2158 poterimus,
1280 2084 1285 2093 ·

111 2191 151 2236 ea
171 2174 257 2255 prior
276 2174 361 2238 edita
382 2175 421 2236 sit
443 2192 570 2237 necesse
589 2173 658 2236 erit.

193 2322 290 2386 Ratio
319 2321 400 2386 haec
428 2321 563 2385 indicat:
592 2340 632 2384 ex
656 2339 716 2384 usu
742 2321 804 2383 inm
828 2321 992 2384 videamus
1015 2341 1092 2386 uum
1113 2324 1198 2389 aliud
1217 2340 1259 2405 ap

112 2424 231 2504 pareat.
280 2421 329 2485 Ao
357 2420 426 2484 luce
455 2418 569 2484 clarius
599 2438 650 2483 res
679 2419 777 2483 habet
806 2421 845 2483 de
874 2421 1000 2486 duobus
1025 2421 1260 2503 Sophoclearun
1290 2466 1293 2511 t

41 2564 45 2570 ⁴
110 2520 293 2584 fabularum
309 2520 449 2601 paribus,
469 2518 508 2582 de
520 2518 671 2583 Aiacibus
690 2523 721 2582 et
739 2519 929 2583 Philoctelis.
968 2521 1058 2585 Duae
1069 2522 1152 2586 enim
1165 2524 1262 2588 Aiace

110 2623 351 2694 memorantur,
390 2621 516 2699 praeter
553 2619 775 2700 superstitem,
814 2639 912 2702 quam
951 2625 1036 2684 recte
1074 2622 1138 2687 iam
1174 2623 1263 2688 deleto

109 2715 353 2799 μαστιγοφόρου
381 2716 568 2796 agnomine,
597 2736 662 2799 quo
689 2719 876 2801 plerumque
902 2723 1024 2783 veteres
1052 2721 1220 2802 scriptores
1241 2717 1265 2781 et

110 2817 232 2880 codices
243 2820 387 2891 utuntur,
404 2815 585 2896 simpliciter
596 2813 722 2877 Αἴαντα
737 2820 927 2896 vocamusll,
949 2819 1048 2882 altera
1060 2818 1142 2892 Αἴας
1152 2812 1268 2904 Λοκρός
1286 2834 1292 2843 “

110 2916 151 2979 de
171 2917 293 2979 minore
315 2915 412 2978 Aiace
431 2915 508 2979 Oilei
532 2914 596 2978 filio
617 2916 830 2996 compositae).
874 2917 919 2979 De
941 2919 1057 2999 quibus
1078 2924 1171 2983 vetus
1191 2917 1268 2986 testi·

109 3017 254 3079 monium
283 3014 376 3078 docet
405 3014 544 3094 (argum.
567 3015 665 3094 Soph.
689 3014 772 3092 Ar),
812 3016 879 3078 eius
917 3036 1000 3098 quae
1036 3023 1176 3083 aetatem
1209 3017 1271 3086 tulit

108 3115 235 3178 titulum
256 3114 288 3176 iu
311 3113 489 3176 didascaliis
511 3113 608 3176 fuisse
630 3112 773 3192 Αἴαντα,
801 3119 914 3196 postea
936 3136 1011 3179 vcro
1031 3115 1274 3203 μαστὶγοφόρω·

108 3212 280 3291 ascriptum
311 3229 379 3275 esse
409 3230 448 3275 eo
476 3211 623 3288 consilio,
654 3215 690 3275 ut
718 3217 944 3293 argumentum
969 3217 1036 3278 eins
1057 3218 1175 3282 certius
1198 3219 1278 3286 indi·

109 3314 236 3375 caretur
257 3313 356 3392 alque
377 3311 420 3375 ab
441 3310 540 3374 altera
563 3309 617 3374 illa
637 3311 893 3394 distingueretur,
915 3333 999 3395 quae
1022 3315 1136 3380 eodem
1161 3319 1279 3394 Aiacis,

178 3600 205 3666 1)
224 3600 262 3654 cf.
284 3599 402 3654 Diudort
418 3599 435 3653 l.
456 3601 472 3654 l.
493 3603 522 3655 et
540 3601 653 3656 Wilam.
671 3601 690 3655 l.
709 3601 728 3656 l.

178 3709 204 3776 2)
223 3709 342 3763 Dubitat
360 3711 394 3764 de
412 3711 463 3765 hac
481 3727 511 3764 re
529 3711 642 3766 Wilam.
662 3711 680 3763 l.
699 3711 716 3765 l.
736 3728 795 3765 cum
818 3712 899 3766 dicit:
922 3715 983 3769 »vel
1004 3716 1072 3770 duas
1097 3721 1285 3786 cognomines

107 3793 216 3848 fabulas
235 3798 331 3849 extare
352 3796 423 3864 passi
443 3814 500 3851 esse
520 3797 649 3851 videntur
668 3797 817 3866 (tragicitr.

176 3904 203 3970 3)
221 3905 266 3957 Ita
284 3904 341 3958 iam
358 3904 438 3958 Dind.
458 3906 475 3959 l.
494 3905 512 3960 l.

176 4012 205 4080 4)
223 4013 264 4068 De
281 4015 448 4083 argumento
465 4011 524 4068 eius
541 4015 669 4084 exposuit
687 4014 796 4069 Welctr.
814 4016 897 4086 t'rng.
918 4036 944 4087 p.
966 4020 1011 4072 161
1034 4037 1093 4089 sqq.
