2782 4554
688 213 708 274 5

107 389 258 465 tendunt,
282 389 336 469 qui
359 387 485 451 duobus
508 388 583 452 locis
604 409 744 453 errorem
766 388 898 452 subesse
919 388 1144 470 suspicantur')
1166 389 1280 471 (Soph.

109 489 147 549 fr.
170 487 233 550 652
255 487 343 550 Stob.
366 487 435 550 ilor.
458 488 523 567 8‚5;
548 488 645 551 schol.
667 489 780 552 Aesch.
799 487 907 550 Prom.
925 506 953 549 ν.
970 487 1031 550 436
1054 491 1203 551 σιωπῶσι
1220 488 1281 570 γάρ

107 585 206 667 nopai
234 588 385 668 ποιηταῖς
411 584 454 647 τιν’
482 586 652 666 πρόσωπα
678 583 700 670 ἧ
724 587 764 649 δι’
793 585 982 648 αὐθάδειαν
1009 586 1050 659 ως
1072 586 1225 666 >cyrilam
1245 589 1281 651 ἐν

108 689 179 757 τοῖς
212 685 315 767 Φρυξὶ
347 683 561 766 Σοφοκλέους,
594 681 614 770 ἢ
646 686 703 749 dioc*
737 685 911 768 συμφοράν
945 685 986 758 ως
1018 684 1040 768 ἦ
1067 685 1174 769 Νιόβη
1203 688 1281 768 παρ’

108 783 279 864 Αἰσχύλῳ,
309 780 330 866 ἢ
358 783 414 844 διο)
442 789 642 874 περίσκεψιν
670 785 712 858 ως
737 785 857 857 ὁΖεύς
879 784 972 865 napa
993 786 1039 863 τῷ
1061 790 1179 869 ποιητῇ
1199 787 1282 869 πρός

108 884 174 968 τήν
201 886 257 962 τῆς
282 882 416 954 Θέτιδος
437 882 649 966 ἀπαίτησιν).
702 885 764 948 Sed
793 887 1017 965 praeterquam
1047 885 1134 967 quod
1163 904 1220 966 per
1247 905 1281 950 se

109 981 279 1065 probabile
299 986 354 1057 est,
378 1002 417 1045 ne
429 982 618 1064 Sophoclem
639 985 767 1066 quidem
785 984 945 1064 egregium
962 983 1038 1046 illud
1053 989 1280 1064 argumentum

111 1084 152 1145 de
174 1081 312 1144 Hectore
334 1081 520 1146 redimendo
543 1085 791 1164 praetermisisse
800 1083 834 1162 ²),
857 1101 1024 1161 versuum,
1046 1083 1100 1165 qui
1123 1082 1154 1144 in
1178 1083 1281 1164 priore

110 1182 180 1244 loco
203 1182 381 1256 servantur,
404 1199 468 1242 non
491 1202 528 1245 ea
550 1187 597 1246 ost
617 1187 746 1259 natura,
768 1185 804 1247 ut
824 1181 926 1264 potius
943 1181 1103 1263 Aeschylo
1121 1181 1280 1245 tribuendi

112 1280 318 1358 videarrlur³)‚
340 1283 438 1360 atque
459 1281 588 1345 alterius
610 1282 781 1346 testimonii
803 1285 916 1345 auctor
938 1280 1055 1361 apertis
1076 1282 1178 1344 verbis
1200 1283 1281 1344 inter

111 1378 307 1460 Aeschylum
338 1382 369 1440 et
396 1378 587 1460 Sophoclem
619 1381 797 1462 distinguit,
827 1400 898 1444 cum
923 1380 1003 1442 illius
1024 1377 1158 1461 Νιόβην,
1188 1380 1281 1443 huius

114 1477 243 1560 Φρύγας
276 1481 443 1541 memorat.
485 1479 569 1543 Sane
600 1481 715 1543 mirum
743 1481 803 1543 lroc
830 1479 927 1542 videri
953 1481 1073 1560 potest,
1105 1480 1192 1560 quod
1215 1500 1280 1544 non

112 1580 153 1642 ab
176 1578 328 1641 alterutro
350 1580 446 1658 poeta
472 1583 643 1663 utrumque
667 1577 867 1643 σιωπώντων
889 1576 1077 1657 προσώπων
1098 1579 1280 1661 exemplum

112 1678 282 1759 repetitur,
313 1677 468 1759 siquidem
493 1682 630 1761 utraque
661 1682 691 1740 et
715 1679 892 1759 Aeschyleo
921 1682 951 1741 et
973 1676 1150 1759 Sophoclea
1173 1678 1281 1743 fabula

112 1777 240 1840 exstitit.
286 1776 408 1839 Tamen
434 1781 552 1841 certum
578 1779 707 1842 fortasse
728 1778 915 1841 scholiastae
938 1776 1103 1840 consilium
1133 1776 1283 1857 subest4).

112 1877 224 1958 ltaque
235 1875 291 1937 nisi
305 1877 383 1938 lorle
393 1874 479 1938 locos
492 1877 561 1940 illos
571 1877 761 1958 ancipitibus
772 1875 1020 1940 correctionibus
1029 1875 1161 1955 prodere
1172 1877 1282 1954 mavis,

116 1977 174 2039 lrac
205 1973 313 2038 fabula
335 1974 526 2054 Sophoclem
556 1996 621 2039 non
651 1975 823 2039 fraudabis.
866 1975 950 2037 lnter
977 1974 1143 2036 Romanos
1170 1978 1280 2038 autem

113 2075 166 2156 qui
192 2072 346 2151 ‚Hectoris
369 2075 460 2138 lutra‘
484 2075 622 2156 scripsit,
652 2075 771 2138 Ennius
795 2074 836 2137 nil
859 2073 992 2156 praebet
1013 2073 1056 2135 ad
1078 2092 1144 2135 rem
1168 2073 1281 2136 diiudi-

112 2173 269 2249 candam‚
302 2173 420 2254 quippe
448 2193 543 2255 quem
576 2175 641 2237 veri
669 2174 769 2237 simile
797 2175 836 2236 sit
865 2178 965 2236 lotam
988 2171 1197 2253 Aeschyleam
1226 2174 1280 2237 tri-

112 2273 249 2352 logiam‚
278 2272 366 2335 cuius
388 2272 500 2336 ultima
523 2272 649 2353 Φρύγες
669 2274 744 2353 fuit,
776 2274 929 2336 inunum
953 2273 1064 2335 drama
1088 2274 1281 2352 coartassell.

116 2409 150 2417 -
183 2371 334 2436 Ceterum
372 2373 536 2435 occasione
566 2374 643 2437 data
672 2374 733 2436 hoc
770 2374 836 2436 loco
875 2391 1002 2435 monere
1031 2371 1149 2453 aliquid
1179 2373 1280 2451 liceat,

111 2472 200 2555 quod
240 2471 297 2533 viri
335 2472 419 2534 docti
462 2472 501 2534 de
533 2473 710 2555 Aeschyleo
741 2473 920 2554 Phrygibus
958 2471 1129 2535 scribentes
1167 2492 1281 2552 parurn

112 2572 262 2634 videntur
290 2570 470 2652 respexisse.
512 2571 597 2652 Lego
628 2573 713 2635 enim
735 2572 977 2647 allirnrantes⁶)‚
1005 2573 1036 2632 in
1058 2590 1095 2633 ea
1123 2570 1279 2635 Achillem

112 2668 252 2734 Patrocli
275 2674 410 2733 mortem
434 2669 594 2733 dolentem
619 2671 815 2753 aliquamdiu
835 2671 979 2734 tacuisse.
1021 2669 1280 2734 Acscimuseum

113 2774 213 2852 caput
251 2772 336 2832 ueste
374 2769 562 2833 obvolutum
595 2770 711 2833 sedisse
746 2773 778 2834 et
808 2768 931 2833 silentio
967 2769 1167 2849 indulsisse⁷).
1218 2770 1281 2833 Sed

186 2958 211 3025 l)
237 2956 359 3013 Dindcrf.
379 2957 396 3011 l.
416 2958 433 3011 l.
452 2976 477 3026 p.
497 2958 561 3022 189;
580 2957 686 3011 Nauck.
706 2956 724 3010 l.
742 2958 760 3010 l.
781 2975 807 3026 p.
827 2957 872 3021 38;
899 2959 1011 3010 servant
1029 2958 1151 3011 fabulam
1170 2958 1283 3013 chofr.

113 3045 289 3098 Hermannus
313 3044 347 3097 de
374 3043 504 3113 Aeschyli
528 3043 747 3113 Myrmidonibus
772 3042 935 3096 Nereidibus
957 3043 1113 3113 Phrygibus
1136 3043 1165 3096 in
1189 3061 1281 3112 opusc.

114 3130 168 3183 vol.
189 3129 223 3182 V.
245 3147 270 3197 p.
291 3129 352 3192 l5l;
372 3129 478 3183 Welclr.
497 3129 579 3199 Trag.
600 3147 625 3196 p.
646 3129 694 3183 135
711 3145 766 3197 sq.;
786 3128 902 3182 Sohoell.
923 3127 940 3181 l.
959 3128 976 3181 l.
996 3147 1019 3196 p,
1041 3128 1091 3180 299
1109 3145 1167 3195 sqq.

182 3216 209 3282 2)
236 3214 329 3268 Monet
359 3215 433 3269 idern
457 3216 513 3269 iam
540 3215 657 3269 Sohoell.
680 3215 698 3269 l.
722 3215 740 3268 l.
774 3215 812 3269 De
837 3214 1007 3284 argumentis
1040 3231 1110 3281 quae
1138 3215 1283 3284 Sophocles

112 3303 241 3356 videatur
261 3317 293 3354 ex
310 3301 428 3354 Homero
447 3301 581 3370 accepisse
601 3301 635 3354 cf.
656 3300 764 3355 Welclr.
783 3301 864 3370 Trag.
884 3320 909 3370 p.
925 3302 959 3354 86
977 3317 1037 3367 sqq.

183 3388 210 3455 3)
228 3386 267 3441 Ol.
286 3386 435 3440 Hermann.
455 3387 472 3440 l.
492 3387 509 3439 l.
528 3405 554 3456 p.
575 3388 624 3440 156
641 3404 680 3454 sq.

183 3475 210 3542 4)
232 3473 324 3537 Qucde
344 3473 493 3526 Hermann.
513 3474 529 3526 l.
550 3473 567 3525 l.
594 3473 750 3540 suspicatur
776 3491 838 3526 eum
871 3489 956 3539 «quas
980 3474 1037 3526 tres
1061 3472 1167 3526 silentii
1187 3488 1283 3526 causas

109 3562 319 3623 commemorat,
339 3560 426 3613 tribus
444 3558 528 3612 trium
547 3564 692 3627 poetarum
713 3559 846 3627 exemplis
866 3559 1044 3628 comprobare
1066 3559 1207 3613 voluisse«.

184 3648 210 3711 5)
231 3645 271 3700 cf.
290 3644 319 3699 O.
333 3645 465 3699 Ribbeck.
486 3645 536 3698 Die
555 3645 687 3699 romische
703 3645 854 3714 Tragoedie
872 3644 911 3697 im
929 3645 1059 3699 Zeibalter
1077 3646 1125 3700 der
1143 3646 1283 3715 Republik

109 3754 136 3804 p.
161 3733 226 3796 126;
247 3732 311 3784 Luc.
331 3731 456 3785 Mueller.
479 3729 561 3784 Ennii
582 3730 741 3800 fragmenta
760 3748 785 3799 p.
805 3731 852 3783 221
871 3749 909 3798 sq.

183 3821 212 3886 6)
239 3818 308 3871 God.
328 3817 476 3870 Hermann.
496 3817 514 3869 1.
533 3816 566 3880 l.;
599 3816 710 3870 Hubert.
729 3816 791 3870 Bild
811 3818 866 3870 und
886 3816 952 3870 Lied
971 3836 996 3887 p.
1021 3819 1068 3871 130
1093 3818 1121 3870 in
1145 3818 1282 3888 Philolcg.

112 3904 366 3973 Untersuchungen
391 3904 452 3958 edd.
476 3905 509 3958 de
532 3903 928 3957 Wilamowitz-Moellendorff
950 3907 977 3957 el
1001 3903 1141 3972 Kiessling
1164 3904 1216 3959 vol.
1237 3905 1282 3960 IV.

180 3992 207 4060 7)
225 3993 271 4045 Ar.
293 3991 361 4046 Rau.
390 4009 413 4045 v.
438 3991 487 4044 911
514 4007 572 4058 sqq.
598 3991 731 4060 πρώτιστα
755 3992 803 4051 μέν
827 3991 877 4060 γὀἱρ
896 3991 942 4043 ἕνα
961 3989 1010 4041 τιν’
1026 3990 1059 4041 dr
1081 3994 1187 4042 καθῑοιι
1209 3996 1282 4057 ἔγνω·

105 4081 197 4141 Animae
219 4079 223 4147 Ι
245 4078 363 4143 Ἀχιλλέα
388 4077 439 4128 τιν’
459 4079 477 4145 ἦ
493 4079 604 4144 Νιόβην,
631 4077 660 4127 τὸ
686 4081 821 4146 πρόσωπον
845 4078 903 4143 οὐχὶ
927 4077 1030 4140 δεικνύς,
1052 4077 1056 4146 1
1079 4081 1216 4147 πρόσχημα
1236 4079 1284 4145 τῆς
