2782 4554
680 220 727 287 39

72 417 113 465 ne
129 396 254 463 vitiosis
270 395 358 461 libris
372 415 406 459 se
423 395 525 479 decipi
541 416 653 479 passus
667 397 707 462 sit
721 397 949 479 grammaticus
963 398 1084 465 multae
1097 398 1240 467 lectionis

75 496 132 563 sed
150 496 269 561 nullius
282 492 414 558 iudicii«
435 493 558 559 Scilicet
573 497 702 576 putasse
711 495 841 575 ,videtur
851 494 900 561 vir
909 496 1051 575 eximius,
1070 501 1247 582 omnesqui

72 593 250 665 traduntur
280 589 389 655 titulos
416 610 481 655 non
505 611 598 672 posse
617 592 677 656 nisi
699 592 742 656 ab
762 592 838 674 ipsis
857 593 959 674 poetis
979 611 1048 658 esse
1070 594 1246 678 inscriptos.

72 691 140 757 Nos
170 690 277 771 potius
305 707 380 751 cum
407 689 470 752 iam
499 689 638 753 sciamus
659 689 749 753 aliter
770 708 839 752 rem
863 708 897 751 se
919 689 1055 768 habere,
1086 693 1192 756 verius
1215 695 1245 757 ni

72 785 169 851 fallor
196 785 286 849 illum
316 784 422 849 locum
449 787 647 868 interpretati
679 788 815 862 erimus,
845 808 917 852 cum
940 789 1128 869 agnovimus
1150 791 1181 854 in
1207 812 1245 856 eo

73 885 184 966 ipsum
204 882 459 965 grammaticum,
481 902 555 947 cum
578 885 714 948 eandem
737 884 879 948 tabulam
904 885 937 947 in
959 884 1061 951 altero
1082 887 1162 952 libro
1183 890 1245 967 sub

72 980 179 1045 altero
198 979 301 1042 indice
323 979 450 1058 legeret,
472 980 552 1044 duos
573 1001 627 1045 eos
648 982 681 1044 in
704 1000 804 1045 unum
822 982 1035 1063 copulantem.
1078 981 1142 1047 Cur
1160 986 1244 1048 enirn

69 1081 237 1161 postrema
251 1076 350 1140 verba
370 1073 526 1156 ἑκατέρως
543 1077 604 1158 γάρ
623 1077 839 1159 ἐπιγράφεται
860 1077 898 1140 cci
918 1077 1040 1159 δρᾶμα,
1062 1097 1145 1161 quae
1167 1083 1243 1145 salis

70 1173 224 1241 distincte
244 1173 359 1237 Pollux
378 1174 482 1251 addit,
512 1193 643 1256 prorsus
664 1176 820 1239 reicienda
841 1176 922 1265 sint,
953 1195 1084 1241 causam
1104 1198 1169 1243 non
1193 1181 1242 1244 in-

70 1271 179 1335 venio,
228 1271 273 1335 At
310 1270 350 1334 de
384 1272 579 1335 comicorum
607 1277 776 1354 poetarum
806 1274 984 1355 duplicibus
1013 1277 1125 1354 titulis,
1161 1297 1242 1361 quos

68 1372 220 1435 veterum
251 1369 404 1433 memoria
431 1371 522 1434 nobis
551 1371 696 1450 tradidit,
733 1373 814 1436 aliae
845 1374 1021 1437 sententiae
1048 1379 1175 1439 exstant
1203 1396 1242 1440 ac

10 1502 12 1559 ἰ
68 1468 189 1535 dixerit
217 1467 348 1531 fortasse
377 1469 462 1549 quis,
493 1469 589 1532 etiam
616 1469 667 1533 hic
696 1489 750 1534 eas
777 1470 892 1534 valere.
935 1471 1136 1553 Aliquotiens
1157 1474 1241 1538 enim

67 1566 247 1633 Meinekius
269 1568 301 1643 in
322 1567 436 1631 eodem
460 1568 538 1632 libro
561 1569 600 1632 de
611 1569 732 1633 Graeca
754 1571 918 1634 comoedia
939 1572 1117 1652 suspicatur
1139 1573 1240 1637 altero

64 1665 205 1731 nomine
230 1664 362 1729 alteram
381 1668 595 1731 recensionem
615 1668 748 1732 indicari
769 1669 814 1732 ita
835 1673 871 1733 ut
891 1669 1009 1746 fabula,
1030 1689 1103 1733 curn
1121 1675 1240 1734 retrac-

66 1769 141 1831 tata
164 1765 279 1830 iterum
301 1765 457 1844 ederetur,
479 1785 598 1830 novum
622 1767 756 1832 indicem
782 1769 948 1849 acceperit,
970 1768 1056 1832 velut
1077 1768 1117 1833 de
1137 1769 1240 1851 Pbry-

62 1862 159 1927 nichi
184 1863 239 1944 qui
260 1866 308 1927 est
330 1863 489 1944 τραγῳδοὶ
509 1860 531 1946 ἢ
551 1862 774 1944 ἀπελεύθεροι
802 1863 833 1944 (l.
856 1863 875 1926 l.
898 1883 928 1945 p.
955 1864 1042 1943 158),
1077 1864 1238 1930 strattidis

59 1959 267 2036 Μακεδόνες
287 1958 522 2046 villacomitis
544 1963 586 2044 (p.
606 1963 690 2043 231),
713 1963 852 2027 Alexidis
874 1960 1042 2042 Κρατεύας
1065 1960 1088 2047 ἢ
1109 1986 1238 2046 φαρμα-

59 2058 220 2142 κοπώλης
242 2060 286 2142 (p.
309 2061 393 2139 395),
415 2061 568 2142 imprimis
590 2082 665 2126 vero
688 2062 720 2137 in
742 2061 934 2142 Antiphanis
954 2056 1100 2142 ἄγροικος
1120 2059 1142 2144 ἢ
1163 2065 1238 2142 βου-

60 2157 194 2221 canuc
214 2156 257 2238 (p.
272 2156 384 2237 331)¹).
418 2158 534 2221 Eorum
557 2164 664 2223 autem
688 2160 742 2241 qui
765 2159 849 2238 apud
862 2159 1027 2222 Romanos
1048 2160 1238 2241 proprieque

57 2256 124 2339 qui
136 2254 227 2335 apud
240 2254 390 2319 Plautum
401 2255 556 2335 feruntur,
570 2257 760 2321 Ritschelius
772 2257 803 2334 (l.
813 2256 831 2317 l.
844 2256 1009 2337 p.133sq.,
1023 2256 1081 2319 165
1088 2276 1168 2339 sqq,
1177 2259 1237 2322 203

57 2352 155 2435 sqq.)
174 2351 290 2432 partim
306 2351 442 2415 eandem
458 2353 612 2432 originem
627 2355 748 2431 statuit,
765 2353 880 2433 partim
897 2372 978 2430 eam,
993 2357 1029 2415 ut
1041 2358 1145 2434 poeta,
1164 2374 1236 2418 cum

57 2451 259 2519 alterutrum
272 2469 389 2513 nornen
406 2451 468 2513 iam
482 2456 577 2516 antea
590 2451 784 2516 adhibuisset
800 2452 841 2514 ad
861 2452 956 2514 aliam
974 2451 1116 2515 fabulam
1131 2455 1238 2516 inscri-

58 2547 221 2626 bendum,
232 2546 384 2628 ampliato
393 2551 574 2629 posterioris
585 2551 676 2615 titulo
686 2549 820 2615 hancab
831 2549 1084 2629 illadistinguere
1093 2551 1235 2614 voluerit

55 2649 108 2713 At
118 2646 176 2709 vix
187 2646 243 2710 tibi
261 2645 323 2709 tale
337 2646 414 2726 quid
428 2647 569 2728 placebit.
614 2648 697 2710 Nam
714 2650 748 2711 ut
765 2648 851 2728 prius
869 2647 909 2709 de
923 2647 1022 2710 altera
1039 2645 1100 2709 bac
1112 2648 1236 2712 ratione

59 2746 252 2825 videamus,
282 2763 341 2809 nec
369 2745 402 2807 in
424 2745 608 2811 costitutus
631 2765 670 2810 ea
691 2747 805 2810 cadere
827 2750 947 2827 polest,
978 2745 1017 2808 de
1040 2745 1156 2826 quibus
1177 2765 1235 2810 nos

61 2843 210 2924 agimus,
239 2841 396 2923 siquidem
419 2843 523 2907 nullus
548 2845 631 2907 inter
653 2864 706 2909 eos
728 2848 792 2921 est,
821 2845 908 2909 cuius
930 2844 1083 2907 alterutro
1106 2844 1234 2908 nomine

62 2941 167 3006 etiarn
190 2940 253 3005 alia
275 2941 383 3006 tabula
404 2943 530 3023 signata
551 2944 654 3022 fuerit,
677 2962 782 3025 neque
802 2944 934 3007 omnino
953 2941 1054 3005 multo
1073 2942 1172 3024 pluris
1188 2947 1236 3006 est

66 3056 168 3124 quam
191 3040 373 3105 coniectura
397 3041 489 3104 nullis
518 3043 609 3106 certis
629 3043 825 3124 argumentis
847 3044 903 3105 aut
925 3040 1076 3121 exemplis
1098 3041 1234 3106 firmata.

10 3162 12 3171 ·
65 3139 119 3205 Ad
138 3137 274 3204 alterurn
297 3144 406 3203 autem
426 3142 641 3205 recensionem
659 3143 745 3224 quod
766 3143 888 3218 attinet,
911 3160 1072 3223 quaenam
1091 3143 1233 3207 recensio

68 3237 279 3318 intellegenda
309 3240 415 3301 esset?
459 3239 582 3321 Nempe
610 3244 646 3304 ut
673 3245 704 3304 et
725 3240 898 3304 Meinekius
918 3239 1043 3303 videtur
1065 3245 1178 3322 putare
1200 3249 1233 3305 et

68 3337 260 3403 Ritschelius
282 3338 399 3418 apertis
420 3337 524 3401 verbis
540 3343 655 3402 monet
679 3338 959 3421 (p.1oonot.*),
988 3358 1025 3405 ea
1047 3358 1145 3419 quam
1168 3340 1233 3421 ipse

71 3440 162 3516 poeta
192 3436 380 3501 instituerat.
429 3436 463 3500 Ei
491 3441 600 3501 autem
631 3458 708 3501 num
737 3439 857 3503 licuisse
877 3443 970 3520 putas
993 3438 1036 3516 (id
1061 3438 1147 3519 quod
1170 3439 1233 3502 iam

71 3552 167 3617 supra
184 3554 217 3617 p.
232 3536 271 3597 3.)
289 3536 495 3616 monuimus),
516 3555 635 3601 novum
659 3537 784 3601 titulum
804 3537 981 3615 inscribere,
1003 3538 1095 3620 quasi
1112 3557 1232 3602 novam

138 3804 165 3873 1)
190 3803 231 3857 De
253 3803 305 3857 hoo
330 3804 407 3858 nisus
433 3805 593 3860 testimonio
618 3806 756 3859 Athen.8
781 3824 807 3875 p.
829 3806 904 3860 358d
930 3810 956 3860 ἐν
978 3809 1145 3875 aumatium,
1170 3808 1232 3877 ὅπερ

71 3887 154 3959 δρᾶμα
179 3887 231 3939 τῶν
248 3889 381 3957 Ἀγροίκων
406 3892 478 3942 ἔστὶν
502 3892 556 3950 ἑνὸς
581 3893 706 3958 διασκευή,
733 3907 805 3958 quae
830 3892 925 3944 tamen
943 3892 1080 3958 quomodo
1098 3895 1172 3948 recte
1191 3894 1232 3948 in·

71 3972 228 4051 tellegendu
246 3974 310 4039 sint,
331 3975 417 4029 etiam
437 3976 590 4035 Meinekius
608 3977 723 4030 dubium
742 3976 884 4051 relinquit.
