2782 4566
731 211 772 276 ΞΟ

172 412 308 457 nomen
325 389 520 474 proprium
540 391 669 468 luisse,
682 391 1067 473 posteriorisdemum
1080 392 1338 457 additamento

172 494 288 557 auctu
295 512 325 556 ru
332 490 364 570 ¹).
393 488 489 553 Modo
509 491 592 553 enim
609 493 744 571 reputes,
767 509 852 571 quae
867 491 998 553 omnino
1012 491 1175 556 titulorum
1191 492 1276 556 ratio
1290 492 1336 555 sit.

171 591 225 656 ll'st
240 596 348 656 autern
364 591 515 655 nimirum
531 605 578 666 ea,
604 594 637 654 ut
650 609 749 672 quam
758 590 929 671 aptissime,
953 592 1052 672 magis
1061 593 1168 672 etiam,
1192 596 1335 674 utquam

171 692 355 755 brevissime
366 691 546 770 argumenti
560 708 687 753 summa
700 681 863 752 indicetur.
884 690 965 755 Nam
981 691 1006 753 si
1021 692 1135 767 minuc,
1153 710 1233 755 num
1247 691 1337 773 longe

172 790 326 871 plurimae
349 790 475 856 tabulae
497 789 632 871 simplici
658 789 753 851 unius
776 808 932 870 personae
956 792 1101 865 nomine,
1131 791 1186 855 ubi
1209 791 1335 872 quidem

171 909 237 953 non
269 890 386 961 chorus
419 889 522 968 magis
553 888 688 970 placuit,
725 886 893 969 inscriptae
926 891 1053 952 essent?
1103 890 1170 954 Nec
1208 895 1337 973 poetam
1373 944 1381 955 ,

170 988 314 1070 putabiS,
337 1008 410 1052 cum
433 979 569 1069 priorem
592 987 716 1063 edebat,
739 987 802 1050 iam
825 988 953 1051 alterius
972 990 1159 1052 scribendae
1183 995 1243 1053 aut
1264 1008 1336 1053 con·
1379 1046 1381 1053 .

171 1089 274 1152 sillum
297 1090 416 1169 cepisse
439 1092 494 1152 aut
527 1090 629 1168 ipsum
657 1087 781 1151 initium
804 1088 912 1151 iecisse
942 1091 1038 1169 atque
1060 1089 1134 1151 binc
1158 1088 1186 1153 ei
1210 1106 1337 1153 causam

171 1188 340 1264 exstitisse,
376 1206 433 1251 cur
470 1188 564 1251 etiarn
598 1187 735 1267 priorem
765 1187 897 1250 certiore
928 1186 1019 1250 titulo
1048 1188 1234 1252 adornaret.
1278 1188 1337 1253 Sed

171 1287 360 1350 distinctioni
383 1287 463 1350 inter
486 1287 691 1366 cognomines
712 1285 897 1350 efficiendae
920 1290 1030 1366 poeta,
1060 1292 1219 1368 quantum
1244 1288 1339 1369 ipsius
1379 1284 1381 1289 ’

172 1387 338 1463 intererat,
369 1373 706 1462 satisfaciebat,'cum
734 1386 939 1466 posteriorem
971 1386 1032 1448 sub
1059 1387 1215 1467 ampliore
1238 1387 1338 1450 indice
1378 1432 1381 1437 -

171 1486 346 1551 emittebat.
389 1484 458 1548 Hoc
474 1488 581 1548 tamen
595 1504 676 1566 opus
687 1484 781 1547 luisse
794 1489 881 1565 puto,
904 1489 938 1548 ut
954 1486 1142 1550 alterasane
1155 1487 1336 1553 tabulatam

171 1586 214 1649 ab
244 1585 312 1667 ipso
343 1588 439 1666 poeta
468 1584 609 1664 pleniore
638 1583 729 1647 tilulo
758 1585 969 1663 insigniretur.
1013 1585 1123 1667 Neque
1146 1588 1232 1659 enim
1255 1590 1337 1650 certa

170 1685 277 1749 adbuc
299 1684 445 1766 exempla
467 1683 632 1760 babemus
655 1684 770 1764 quibus
792 1685 966 1747 doceamur
988 1685 1114 1767 utrique
1135 1685 1233 1749 luisse
1257 1687 1337 1750 idem
1379 1716 1381 1721 ·

171 1785 304 1866 simplex
336 1803 454 1846 nomen
485 1783 646 1864 proprium
676 1782 900 1864 inscriptum).
946 1785 1052 1866 Atque
1084 1786 1144 1849 lroc
1173 1785 1275 1851 modo
1296 1789 1338 1850 in-

172 1904 263 1948 versa
282 1885 332 1948 via
353 1885 450 1947 etiam
470 1903 508 1945 eo
525 1883 736 1964 pervenimus,
759 1886 795 1945 ul
813 1902 887 1964 quo
906 1887 1074 1964 ternpore
1091 1889 1337 1965 cognomines

171 1984 386 2066 prodierint
409 1983 558 2047 extremis
575 1982 704 2064 quidem
726 1982 843 2046 finibus
864 1983 957 2046 liceat
977 1984 1199 2049 determinare.
1244 1986 1337 2051 Cuius

172 2083 257 2147 enim
274 2082 400 2146 titulum
416 2081 596 2145 breviorem
614 2081 708 2144 fuisse
722 2081 771 2144 vel
787 2085 912 2145 constat
928 2083 976 2145 vel
993 2084 1138 2146 evincere
1151 2087 1338 2166 poterimus,

172 2200 211 2244 ea
232 2181 317 2262 prior
336 2181 421 2245 edita
442 2182 481 2243 sit
502 2199 629 2243 necesse
649 2180 717 2243 erit.

254 2329 350 2392 Ratio
379 2329 459 2392 baec
488 2328 622 2391 indicat:
652 2347 691 2390 ex
715 2345 776 2390 usu
801 2326 863 2390 iam
886 2328 1050 2392 videamus
1073 2349 1151 2394 num
1173 2312 1262 2397 aliud
1285 2353 1337 2416 ap

172 2430 291 2511 pareat.
340 2427 389 2490 Ac
416 2426 486 2490 luce
515 2425 628 2488 clarius
658 2445 709 2489 res
739 2425 836 2488 babet
865 2426 903 2490 de
933 2426 1058 2491 duobus
1084 2422 1336 2512 Sophoclearum

101 2572 105 2578 ·
170 2527 352 2591 fabularum
368 2525 509 2608 paribus,
529 2524 730 2588 deAiacibus
749 2529 780 2588 et
797 2524 987 2589 Pbiloctetis
1027 2527 1117 2592 Duae
1128 2530 1213 2593 enim
1227 2531 1338 2596 Aiaces

170 2628 411 2700 memorantur,
450 2626 575 2705 praeter
613 2614 833 2705 superstitem,
873 2644 971 2706 quam
1009 2631 1094 2690 recte
1133 2630 1198 2694 iam
1237 2630 1338 2696 deleto

169 2722 413 2806 μαστιγοφόρου
440 2723 627 2802 agnomine,
656 2740 720 2804 quo
748 2722 935 2804 plerumque
960 2728 1082 2788 veteres
1111 2728 1285 2808 scriptores
1310 2731 1339 2792 et

170 2824 292 2888 codices
303 2826 447 2897 utuntur,
464 2820 644 2902 simpliciter
654 2817 781 2881 Αἴαντα
795 2823 985 2900 vocamustl,
1007 2824 1106 2887 altera
1119 2824 1202 2899 Αἴας
1213 2824 1340 2911 Λοκρός
1362 2858 1367 2863 -

169 2925 211 2987 de
232 2923 353 2985 minore
375 2921 472 2984 Aiace
491 2919 567 2984 Oilei
591 2919 655 2981 tilio
676 2919 888 2999 composita4).
932 2920 977 2982 De
999 2922 1116 3002 quibus
1137 2928 1233 2989 vetus
1254 2929 1339 2991 testi·
1366 3002 1373 3013 ἱ

168 3022 313 3086 monium
343 3021 435 3083 docet
465 3018 603 3098 (argum.
626 3016 724 3095 Soph.
747 3015 831 3094 At),
871 3018 938 3080 eius
975 3039 1059 3101 quae
1095 3027 1239 3088 aetatem
1270 3026 1340 3090 tulit

167 3121 295 3185 tilulum
316 3121 348 3182 in
371 3116 548 3181 didascaliis
571 3116 667 3179 luisse
689 3113 832 3193 Αἴαντα,
860 3119 972 3197 postea
994 3137 1069 3181 vero
1090 3119 1341 3207 pacciyopo'pm·

168 3219 341 3298 ascriptum
370 3235 438 3279 esse
469 3234 507 3278 eo
536 3214 682 3290 consili0,
713 3217 749 3276 ut
778 3218 1002 3293 argumentum
1027 3218 1094 3280 eius
1116 3222 1239 3286 certius
1261 3225 1343 3289 indi·

169 3320 296 3382 caretur
317 3318 414 3397 atque
437 3315 479 3378 ab
501 3313 599 3376 altera
623 3310 675 3374 illa
697 3311 951 3393 distingueretur,
973 3333 1057 3395 quae
1080 3317 1197 3382 eodem
1224 3322 1343 3404 Aiacis,

237 3605 264 3670 l)
283 3604 322 3658 cf.
344 3602 461 3656 Dindorl
477 3601 494 3654 l.
514 3602 531 3655 l.
552 3603 581 3655 el
599 3601 712 3654 Wilam.
732 3599 748 3651 l.
768 3598 787 3652 l.

237 3714 264 3781 2)
283 3713 401 3766 Dubitat
419 3712 453 3764 de
471 3712 522 3765 bac
540 3728 569 3765 re
588 3710 701 3763 Wilam.
720 3708 739 3760 l.
758 3707 775 3760 l.
795 3724 854 3760 cunr
877 3707 957 3760 dicit:
980 3711 1040 3763 »vel
1061 3713 1131 3768 duas
1158 3723 1349 3787 cognomines

48 3843 52 3852 .
166 3799 276 3853 fabulas
294 3800 390 3851 extare
412 3797 483 3864 lrassi
502 3814 559 3850 esse
579 3796 708 3849 videntur
728 3791 876 3860 (tragicitr.

235 3909 262 3974 3)
281 3908 326 3960 ua
345 3906 399 3960 iam
418 3905 497 3958 Diod.
516 3906 534 3958 l.
554 3904 571 3959 l.

235 4017 264 4085 4)
282 4017 323 4071 De
340 4015 506 4084 argumento
524 4010 583 4067 eius
600 4009 728 4080 exposuit
747 4006 855 4060 Welclr.
874 4007 955 4076 Trug.
975 4026 1002 4077 p.
1023 4012 1068 4062 161
1092 4030 1154 4083 sqq.
