2782 4554
649 257 688 322 13

90 448 141 512 ted
169 449 314 510 veterum
345 439 526 506 testimonia
555 437 734 502 audiamus.
791 433 1000 500 Gravissimus
1029 433 1120 499 locus
1147 438 1249 501 exstat
1319 511 1320 514 χ

90 548 167 629 pud
197 545 315 609 Athen.
342 544 362 606 8
397 563 427 625 p.
450 539 537 604 3651)
575 535 776 601 σύνδειπνον
811 533 936 618 εἴρηκεν
969 534 1025 598 ἐπὶ
1061 541 1250 617 συμποσίου

90 650 262 718 συσίας-
275 643 392 722 διόπερ
409 643 493 712 τινες
514 637 568 699 καὶ
590 637 627 699 εδ
644 634 844 718 Σοφοκλέους
865 634 978 716 δρᾶμα
996 636 1080 698 κατα
1101 635 1139 701 νδ
1160 636 1250 700 ούδέ-

90 768 177 826 ῑερου
205 742 397 825 ἐπιγράφειν
429 740 558 815 υἷξιοῦσι
594 735 808 812 σύνδειπνον,
842 736 928 799 unde
961 740 1070 819 aperte
1102 739 1251 804 discimus

90 844 254 927 {ophoclei
283 843 376 906 huius
405 839 503 915 tituli,
529 858 623 920 quem
656 837 787 919 quidem
807 836 993 900 Athenaeus
1015 842 1119 915 norat,
1142 839 1253 919 genui·

90 965 160 1011 nam
209 944 345 1005 formam
396 958 460 1002 non
508 937 684 1000 neutralem
730 933 943 1014 σύνδειπνον,
992 938 1048 1001 sed
1099 940 1254 1022 pluralem

90 1044 295 1111 masculinam
311 1041 526 1110 συνδείπνους
542 1037 644 1113 luisse,
656 1054 755 1117 quam
770 1035 852 1099 idem
865 1035 1052 1100 Athenaeus
1067 1039 1256 1120 aliquotiens

94 1145 241 1227 perhibet.
297 1141 388 1218 Quae
421 1141 527 1202 autem
557 1136 599 1198 ab
630 1154 695 1198 uno
726 1155 764 1197 eo
796 1135 893 1199 semel
915 1137 947 1214 (1
973 1157 1003 1218 p.
1028 1138 1102 1216 lid,
1126 1139 1163 1203 fr.
1185 1142 1255 1222 141)

100 1244 239 1307 laudatur
250 1240 381 1319 Ἀχαιῶν·
399 1235 607 1313 σύνδειπνον,
623 1235 673 1298 vix
686 1235 815 1314 negabis
828 1235 962 1298 eandem
978 1255 1044 1300 esse
1059 1241 1157 1321 atque
1174 1260 1258 1323 quae

102 1342 186 1422 vulgo
214 1339 396 1422 simpliciter
425 1335 624 1400 σύνδειπνον
653 1335 782 1408 dicitur3
814 1337 898 1398 certe
933 1340 1063 1417 propter
1089 1338 1258 1402 notionum

107 1440 305 1503 diversitatem
325 1457 455 1520 prorsus
471 1435 533 1499 alia
554 1434 612 1496 tuit
633 1437 731 1515 atque
740 1433 871 1512 Ἀχαιῶν
886 1429 1047 1514 σύλλογος,
1068 1437 1158 1500 cuius
1169 1439 1257 1520 apud

108 1539 179 1602 huuc
205 1538 391 1619 scriptorem
420 1535 540 1599 mentio
568 1552 634 1596 uon
665 1533 709 1595 fit.
758 1532 824 1595 lam
853 1551 929 1596 vero
955 1533 1132 1617 Hesychius
1161 1537 1258 1600 semel

112 1637 175 1718 (lp.
196 1637 272 1713 544,
295 1635 331 1697 fr.
357 1634 432 1712 125)
465 1631 680 1704 συνδείπνους
702 1635 872 1708 memorat,
905 1632 1002 1696 semel
1025 1633 1054 1713 (1
1079 1654 1110 1716 p.
1132 1636 1200 1713 117,
1224 1636 1260 1699 f.

115 1735 170 1808 llll
190 1727 387 1799 σύνδειπνον
397 1734 438 1810 ¹),
461 1731 591 1810 Ἀχαιῶν
623 1729 823 1793 σύνδειπνον
852 1750 1031 1812 nusquam,
1062 1736 1111 1797 ter
1131 1733 1263 1814 Ἀχαιῶν

115 1832 249 1915 σύλλογον
271 1837 303 1897 et
325 1832 423 1896 semel
445 1830 581 1895 eandem
605 1828 769 1908 σύλλογον.
820 1828 967 1894 Diversas
995 1831 1091 1912 igitur
1119 1834 1201 1897 inter
1227 1855 1261 1899 se

117 1932 178 1997 duas
209 1933 336 1997 fabulas
374 1932 469 1996 etiam
496 1928 672 2012 Hesychius
700 1927 879 2007 distinguit,
916 1948 1017 1993 unam
1049 1931 1264 2007 συνδείπνους

117 2029 295 2115 inscriptam,
342 2049 440 2112 quam
482 2028 532 2092 alii
569 2028 671 2091 indice
708 2028 748 2091 ad
785 2027 888 2109 ipsum
927 2028 1054 2093 fabulae
1093 2050 1264 2111 argumen-

118 2132 169 2192 tum
199 2130 399 2194 conformato
439 2124 656 2206 σύνδειπνον,
693 2125 744 2189 alii
780 2126 894 2204 etiam,
933 2147 997 2209 quo
1036 2129 1148 2193 certior
1182 2136 1265 2195 esset

118 2224 267 2311 inscriptio
291 2229 400 2291 addito
420 2226 616 2291 Achivorum
644 2225 772 2288 nomine
794 2223 926 2303 Ἀχαιοῖν
949 2225 1148 2290 σύνδειπνον
1169 2250 1264 2295 voca-

119 2322 192 2402 bunt,
222 2328 355 2390 alteram
377 2326 508 2404 Ἀχαιῶν
531 2321 685 2404 σύλλογον
707 2323 755 2387 vel
779 2320 943 2404 σύλλογον.
997 2325 1044 2389 En
1075 2331 1183 2392 autem
1213 2350 1264 2394 ex·

119 2427 330 2503 optatissimum
346 2426 437 2489 nobis
454 2424 607 2488 auxilium
624 2442 715 2487 exea
733 2424 957 2500 rationevenit‚
980 2444 1076 2505 quam
1089 2426 1265 2511 Hesychius

120 2519 142 2581 in
160 2526 264 2588 ceteris
292 2523 470 2604 duplicibus
492 2521 590 2585 titulis
618 2522 768 2604 sequitur.
822 2521 946 2585 Etenim
973 2523 1044 2604 lego
1076 2526 1164 2606 apud
1190 2547 1262 2591 eum

90 2616 92 2699 j
120 2627 160 2685 aut
178 2625 288 2706 plenos
305 2642 358 2685 eos
378 2626 531 2698 servatos,
552 2626 619 2697 aut,
638 2621 691 2684 ubi
704 2620 805 2684 altera
817 2623 943 2683 tantum
957 2620 1088 2703 duplicis
1099 2624 1180 2687 tituli
1191 2644 1266 2707 pars

90 2702 93 2791 ξ
121 2719 240 2800 affertur,
263 2721 399 2785 eandem
422 2724 531 2784 tamen
564 2721 683 2802 ubique
707 2738 774 2782 esse
805 2719 991 2784 adhibitam.
1031 2722 1141 2804 ltaque
1166 2724 1197 2787 in
1219 2725 1268 2788 his

90 2818 94 2871 ¹:
121 2817 229 2902 tabule,
262 2820 438 2903 Hesychius
464 2820 550 2900 quod
581 2819 678 2882 modo
708 2818 770 2882 hoc
799 2819 896 2883 modo
924 2819 978 2883 illo
1008 2822 1138 2885 nomine
1160 2824 1268 2902 utitur,

90 2904 92 2943 ³
121 2929 166 2979 nec
183 2920 248 3000 ipse
263 2938 321 2982 nec
332 2923 444 2983 auctor
467 2919 532 2982 eius
554 2937 653 2982 unam
673 2918 873 2996 eandemque
895 2937 963 2981 esse
985 2920 1130 3001 putabat.
1165 2922 1269 2986 Simile

122 3011 219 3097 aliquid
237 3017 369 3082 fortasse
386 3018 480 3081 etiam
498 3017 684 3081 Athenaeus
702 3016 839 3093 doceret,
855 3017 913 3079 nisi
927 3036 1046 3097 omnes
1066 3021 1121 3100 qui
1140 3020 1269 3102 quidem

123 3111 294 3195 tragicorum
307 3119 494 3199 ‚principum
517 3120 608 3193 sunt,
630 3115 771 3197 duplices
797 3114 876 3178 tituli
898 3117 996 3180 semel
1020 3122 1143 3182 tantum
1167 3139 1204 3183 ac
1229 3140 1269 3184 ne

124 3209 190 3286 pleni
212 3217 342 3298 quidem
364 3216 406 3279 ab
422 3235 460 3280 eo
481 3215 648 3278 memorati
667 3218 781 3278 essent.
820 3213 885 3278 Nec
908 3216 1007 3296 magis
1031 3236 1069 3281 ex
1093 3220 1270 3282 ceterorum

123 3314 296 3395 scriptorum
313 3316 388 3379 locis
407 3315 585 3397 quidquam
601 3314 753 3377 extricare
770 3313 849 3377 licet.
885 3313 1024 3378 Omnino
1042 3319 1150 3380 autem
1172 3336 1270 3399 quam

90 3446 93 3505 ὲ
124 3413 318 3485 periculosum
346 3416 387 3478 sit
420 3431 520 3478 novos
560 3412 657 3476 etiam
694 3411 837 3493 duplices
872 3413 980 3477 titulos
1016 3415 1154 3493 efficere,
1191 3415 1272 3480 infra

90 3512 92 3537 ²
125 3503 522 3594 trar.10)cognoscemus.
565 3511 672 3593 Atque
699 3511 861 3593 praeclare
889 3517 1019 3578 nostrae
1040 3515 1273 3578 ratiocinationi

125 3613 269 3690 convenit,
301 3615 386 3694 quod
417 3613 557 3675 diversas
587 3610 681 3674 luisse
711 3609 835 3673 fabulas
866 3610 930 3674 iam
959 3613 1016 3676 viri
1044 3614 1076 3677 in
1098 3613 1147 3676 his
1178 3614 1273 3677 rebus

124 3710 283 3783 peritissimi
301 3711 363 3776 alia
379 3710 430 3774 via
446 3709 524 3772 inita
539 3706 833 3790 comprobarunt).
849 3743 886 3753 -
906 3709 1025 3775 Eadem
1040 3713 1163 3776 ratione
1177 3711 1273 3791 vulgo

125 3809 302 3826 Q..—

179 3865 203 3933 1)
223 3865 283 3919 Nisi
303 3864 402 3935 potius,
421 3863 494 3930 quod
513 3864 570 3917 ood.
590 3863 720 3932 praebet,
736 3865 866 3939 wintrung>
884 3866 1023 3935 genitivus
1050 3865 1165 3936 pluralis
1195 3883 1274 3920 casus

121 3952 264 4004 ουνδεισνοιν
283 3954 332 4004 esi.

177 4038 206 4101 2)
224 4035 331 4091 Welclr.
349 4034 431 4102 Trag.
450 4051 477 4103 p.
497 4033 547 4086 110
565 4051 633 4102 sqq„
651 4032 767 4088 Schoell.
788 4033 804 4088 l.
825 4035 842 4090 l.
863 4054 888 4104 p.
908 4035 958 4090 255
978 4052 1045 4103 sqq„
1066 4039 1118 4093 etsi
1136 4039 1172 4092 de
1191 4057 1273 4109 urgu-

115 4123 208 4176 mentis
227 4121 403 4188 aliquantum
422 4117 495 4172 iuter
516 4136 545 4172 se
562 4119 756 4189 discrepantes.
