2782 4566
672 137 710 202 16

107 326 156 405 5,9
171 347 202 409 p.
219 321 328 403 avam
346 321 383 386 lr.
398 321 460 384 210
472 317 613 399 id.6,6p.
624 313 730 396 49,13)
748 313 979 379 deminutivam
992 313 1138 393 formam,
1153 308 1276 387 liciam,

103 430 139 490 ut
178 424 256 488 mihi
297 422 437 499 videtur,
487 439 525 483 eo
566 416 713 495 consili0,
755 418 791 479 ut
835 413 935 479 levior
981 412 1135 494 satyricae
1179 408 1273 476 huius

104 525 231 591 fabulae
253 525 369 587 natura
390 520 582 584 indicaretur
612 520 643 581 et
665 516 707 580 ab
728 516 790 581 alia
812 515 1077 594 distingueretur,
1107 511 1200 576 cuius
1223 529 1271 576 ar·

104 627 304 707 gumentum,
325 622 411 684 velut
434 619 608 701 superstitis
629 616 887 695 Trachiniarum,
908 616 940 680 in
962 616 1104 680 eiusdem
1127 611 1271 677 Herculis

105 724 303 807 gravioribus
321 723 417 786 rebus
440 720 628 785 versabatur
640 720 671 799 ¹).
707 719 768 783 Sed
792 719 832 782 de
853 717 953 782 altera
976 717 1059 781 tituli
1080 717 1174 797 parte
1196 712 1269 796 quid

103 823 284 890 videbitur?
313 821 418 886 Semel
442 820 498 882 ἐπὶ
521 818 671 900 Ταινάρῳ
690 821 852 901 σατυρικῷ
870 820 1019 884 laudatur
1034 820 1083 900 (ir.
1093 819 1155 883 213
1170 817 1269 882 Hesi

105 944 135 1006 p.
159 923 250 1001 515),
281 921 336 985 ubi
369 919 426 983 ἐπὶ
455 923 487 984 et
510 917 661 999 Ταινάρῳ
693 920 915 1002 coniungenda
953 920 1035 983 inter
1072 937 1106 982 se
1143 917 1270 982 titulum

104 1021 261 1096 efficiunt3
280 1021 389 1084 subest
405 1019 488 1084 enim
507 1020 721 1084 nominativus
737 1039 829 1084 casus
844 1020 900 1082 ἐπὶ
920 1017 1071 1099 Ταινάρῳ
1090 1014 1271 1100 σατυρικόν.

105 1122 196 1199 Quae
218 1120 297 1183 tituli
320 1120 422 1184 lorma
444 1119 540 1182 etiarn
565 1121 704 1201 apertius
726 1120 924 1200 agnoscitur,
947 1120 1137 1184 ubidicitur
1159 1119 1196 1182 ἐν
1218 1115 1270 1180 ἐπὶ

108 1217 260 1300 Ταινάρῳ
282 1217 433 1300 σατύροις
456 1217 509 1299 (fr.
533 1219 595 1282 all
616 1219 708 1283 Phot.
732 1219 790 1283 lex.
815 1240 845 1301 p.
870 1220 998 1296 35925]
1011 1221 1045 1300 2).
1085 1220 1139 1284 Bis
1161 1219 1271 1299 legitur

108 1318 271 1402 Σοφοκλῆς
284 1319 340 1381 ἐπὶ
356 1321 539 1398 Ταιναρίοις
559 1318 675 1396 (ΜΗ
695 1318 812 1382 Athen.
829 1320 891 1401 9p.
909 1321 1014 1396 375d;
1037 1321 1074 1384 fr.
1092 1321 1154 1383 212
1168 1318 1268 1384 Hesi

104 1440 134 1500 p.
159 1417 248 1496 217),
268 1418 320 1481 ubi
343 1418 418 1481 item
440 1415 496 1478 ἐπὶ
518 1422 548 1480 et
572 1421 757 1498 Ταιναριόις
778 1418 858 1481 inter
881 1439 914 1482 se
938 1419 1099 1499 iungenda
1120 1423 1213 1495 sunt,
1231 1420 1270 1483 ita

107 1522 139 1579 ut
170 1520 254 1579 recte
281 1517 427 1580 videatur
458 1515 537 1579 Guil.
560 1515 743 1579 Dindoriius
765 1517 819 1593 (ad
841 1517 938 1598 Soph.
963 1519 1001 1582 ir.
1024 1518 1098 1590 220)
1120 1518 1272 1582 iudicasse

108 1615 350 1695 »grammaticos
365 1614 464 1677 videri
479 1614 563 1678 hanc
584 1613 725 1677 fabulam
740 1613 995 1697 Ἐπιταιναρίοις
1009 1618 1132 1694 dixisse,
1151 1621 1272 1697 satyros

105 1714 350 1794 intellegentes«.
406 1712 449 1775 At
481 1713 541 1775 hoc
573 1712 629 1774 ἐπὶ
665 1718 849 1795 Ταιναρίοις
886 1716 1020 1779 fortasse
1052 1717 1175 1798 putarit
1206 1715 1273 1797 quis

105 1811 351 1893 intellegendum
382 1831 449 1875 esse
481 1811 550 1875 »bei
579 1811 641 1874 den
668 1811 867 1876 Bewohnern
898 1834 960 1878 von
980 1815 1192 1891 Taenaron«,
1223 1814 1273 1896 qni

106 1914 210 1974 essent
233 1909 337 1987 inferi,
369 1910 410 1973 ad
438 1930 517 1992 quos
543 1909 695 1975 Hercules
717 1912 896 1991 descendit,
925 1917 1023 1996 atque
1053 1915 1176 1978 dictum
1211 1932 1274 1976 esse

107 2010 218 2074 eadem
241 2009 376 2086 ratione,
400 2028 464 2090 qua
485 2008 560 2071 illud
581 2007 637 2070 ἐπὶ
660 2008 811 2089 Ταινάρῳ
829 2010 1038 2093 (σατυρικόν).
1070 2015 1114 2077 At
1134 2014 1274 2086 deberet,

106 2110 132 2172 si
152 2109 195 2172 ila
219 2112 308 2184 esset,
330 2127 396 2171 non
418 2106 584 2190 Σοφοκλῆς
607 2107 663 2170 ἐπὶ
685 2114 877 2191 Ταιναριόις,
900 2111 955 2175 sed
976 2112 1180 2193 Σοφοκλέους
1196 2113 1221 2174 ε’.
1239 2115 1274 2174 Τ.

106 2209 224 2272 dictum
256 2227 331 2270 esse.
380 2206 492 2288 Neque
520 2207 604 2269 enirn
639 2226 697 2288 ego
724 2209 852 2290 quidcnr
883 2211 990 2274 adhuc
1017 2211 1123 2276 locum
1160 2212 1275 2286 inveni,

106 2308 137 2370 in
168 2325 232 2388 quo
258 2310 289 2368 et
320 2310 416 2387 poeta
440 2309 471 2368 et
498 2304 607 2369 fabula
638 2306 834 2371 nominativo
864 2328 940 2372 casu
969 2311 1137 2374 memorati
1160 2312 1275 2384 essent,

107 2406 162 2469 sed
208 2408 263 2468 aut
303 2404 431 2468 fabulae
475 2402 690 2467 nominativus
733 2410 796 2482 est,
841 2412 957 2488 poetae
998 2410 1173 2489 genitivus,
1222 2410 1277 2471 aut

108 2507 233 2567 inversa
254 2503 344 2567 ratio.
389 2504 455 2567 lam
486 2502 579 2583 igitur
607 2501 720 2583 plenus
747 2503 843 2568 index
864 2504 1019 2588 Ἡρακλῆς
1040 2507 1097 2568 ἐπὶ
1113 2505 1278 2586 Ταινάρῳ

109 2603 160 2666 ubi
188 2602 318 2665 tandem
349 2603 526 2684 reperitur?
554 2599 616 2677 Qui
645 2601 670 2663 si
692 2621 847 2684 nmquam
878 2606 1062 2682 exstitisset,
1092 2606 1209 2669 dubito
1239 2619 1280 2669 an

108 2701 276 2781 vestigium
300 2702 366 2764 eius
388 2699 502 2765 alicubi
524 2699 670 2781 quamvis
699 2703 796 2765 tenue
814 2720 985 2781 agnoscere
1008 2702 1126 2767 liceret.
1170 2705 1279 2785 Atque

107 2801 238 2863 omnino
254 2818 295 2861 ne
313 2798 343 2861 id
358 2798 485 2880 quidem
496 2799 572 2861 satis
583 2797 781 2880 exploratum
797 2803 854 2875 est,
872 2802 1001 2863 nomina
1019 2802 1072 2864 illa
1088 2803 1187 2866 unius
1199 2803 1280 2865 eius·

46 2950 48 2953 .
107 2895 1281 2980 demquefabulaefuisscss).Utverofuerint—acpossuntcertefuisse-,

108 3017 203 3060 nemo
226 2996 383 3076 duplicem
401 2995 528 3059 titulum
541 2993 697 3076 Ἡρακλῆς
719 2991 783 3078 liei
797 2996 854 3057 ἐπὶ
875 2995 1024 3076 Ταινάρῳ
1041 3000 1207 3078 cogitabit,
1229 2998 1283 3081 qui

107 3116 165 3178 per
186 3115 219 3158 se
233 3098 269 3157 ut
290 3094 406 3176 duplex
422 3094 530 3157 titulus
552 3099 583 3158 et
603 3095 701 3158 nimia
711 3083 906 3176 longitudine
928 3114 985 3158 sua
1005 3096 1177 3160 refutatur.
1220 3098 1284 3161 Sed

110 3194 248 3277 genuina
285 3194 446 3275 inscriptio
483 3194 550 3257 sine
587 3193 684 3256 dubio
713 3191 869 3274 Ἡρακλῆς
898 3194 971 3271 fuit,
1005 3213 1089 3276 quae
1121 3195 1285 3261 brevitate

107 3343 301 3354 -.----

178 3422 205 3489 1)
224 3420 315 3475 Alitor
341 3421 489 3476 Wilamow
511 3424 529 3478 1.
548 3422 580 3490 l.,
613 3423 662 3492 qui
683 3424 856 3496 Ἡρακλέινκικ
880 3423 1019 3492 propriam
1053 3422 1123 3476 dicit
1153 3425 1289 3480 fabulam

108 3507 193 3562 fuisse
212 3509 245 3561 de
264 3524 349 3576 puero
368 3507 485 3564 Hercule
503 3507 643 3578 scriptam,
663 3508 735 3563 sicut
753 3507 893 3562 Theocriti
911 3525 992 3561 carm.
1012 3507 1105 3561 XXIV
1120 3509 1292 3580 Ἡράκλιικις

106 3592 271 3661 inscriptum
291 3595 386 3648 lertur.

177 3696 205 3763 2)
224 3695 371 3765 Comparat
389 3711 452 3750 curn
471 3697 523 3752 hac
540 3698 630 3752 forma
644 3697 758 3752 Wilam.
771 3695 814 3750 l.l.
828 3693 992 3749 comicorum
1004 3693 1133 3748 Platonis
1148 3698 1194 3758 ἀφ’
1204 3700 1293 3771 ἱερῶν,

110 3781 233 3835 Alexidis
252 3785 287 3842 εἰς
303 3783 333 3834 τά
353 3788 439 3855 φρίαρ.

178 3885 206 3951 3)
225 3883 302 3948 Quod
317 3885 412 3938 monet
430 3884 513 3938 etiam
529 3883 642 3938 Wilam.
655 3881 709 3944 1.1.‚
727 3878 775 3946 qui
793 3880 850 3931 tras
868 3878 1001 3946 satyricae
1014 3877 1100 3932 fuisse
1114 3883 1298 3949 suspicatur,

106 3971 237 4043 Ἡρακλέα,
252 3969 435 4040 Ἡρακλλιοκαν,
456 3972 499 4022 ἐπὶ
519 3971 644 4041 Ταινάρῳ.
