2782 4554
624 194 665 259 47

61 371 183 437 bantur
192 396 206 448 ,·
224 372 388 453 vestigium
413 372 571 449 cernitur,
593 372 647 437 ubi
668 372 799 454 legimns
822 373 840 435 ὁ
860 371 954 455 λόγος
975 376 1010 439 ἐκ
1031 381 1232 461 Σθενεβοίας

58 468 251 553 Εἰριπίδου
295 476 378 545 τινὲς
411 471 449 533 δὲ
483 470 606 534 οἴονται
641 472 677 534 ἐκ
702 471 969 555 Βελλεροφόντου
1003 477 1227 560 παρῳδῆσθοα
1286 514 1288 519 -
1341 484 1342 488 ’

54 569 145 642 OEur.
169 569 206 633 fr.
230 571 291 635 665
314 571 412 635 schol.
436 569 514 635 Ven.
536 571 589 634 Ar.
612 571 686 635 Pac.
705 590 734 635 v.
751 573 831 649 175),
853 593 911 638 nec
933 575 1024 639 aliter
1044 577 1227 658 intellegen-
1297 574 1300 580 ’

58 669 133 733 dum
169 669 295 735 videtur
330 671 400 733 ἔστι
431 669 468 731 δὲ
500 669 683 751 Εὐριπίδου
714 671 749 733 ἐκ
784 671 933 754 Τηλέφου
962 669 985 755 ἢ
1012 674 1225 756 Τληπολέμου

58 768 142 846 (Eur.
166 769 203 832 ir.
221 770 280 833 777
302 770 400 834 schol.
422 770 477 833 Ar.
499 771 573 834 Pac.
597 790 627 834 v.
647 769 760 850 528)¹).
806 755 923 835 Paru'm
945 772 1044 854 liquet
1064 775 1225 855 quomodo

57 867 281 949 explicandum
314 871 370 946 sit,
403 869 489 951 quod
518 870 579 933 sub
608 868 849 951 Euripidearum
876 869 1047 951 Ἠλέκτρας
1075 872 1162 949 (Eur.
1190 872 1225 936 ir.

57 965 192 1030 incure
207 968 294 1031 Stob.
317 969 384 1033 ssor.
403 966 488 1048 ran)
510 972 541 1033 et
564 966 712 1030 ἱκεοίδωο
733 969 860 1033 nomine
881 967 932 1049 (fr.
955 970 1015 1034 inc.
1037 970 1098 1033 850
1120 969 1223 1036 Hesi

56 1087 84 1148 p.
94 1068 173 1146 320)
186 1067 373 1146 afferuntur,
387 1069 511 1150 quaein
525 1069 747 1149 superstitibus
757 1070 805 1132 his
816 1071 928 1134 tabuiis
940 1090 1005 1133 non
1014 1070 1224 1151 reperiuntur.

56 1165 116 1229 Ubi
146 1165 326 1248 Sophoclea
357 1164 514 1240 Οἰδίπους
551 1167 700 1233 laudatur
734 1167 848 1251 (Soph.
878 1168 915 1232 fr.
945 1170 1005 1232 667
1034 1168 1124 1231 Stob.
1157 1169 1226 1232 ssor.

60 1266 162 1344 nno,
186 1266 359 1331 cod.Vind.
375 1256 426 1348 λ),
453 1266 532 1332 falso
554 1267 679 1331 videtur
694 1267 841 1332 librarius
862 1267 987 1332 fabulae
1003 1286 1129 1346 nomen,
1154 1287 1227 1331 oum

57 1367 198 1429 abscisso
219 1367 372 1448 scriptum
394 1371 491 1445 esset,
520 1366 731 1449 supplevisse,
763 1366 914 1448 quoniam
939 1367 1018 1431 alius
1039 1368 1127 1431 locus
1149 1365 1227 1446 (Cic.

57 1464 152 1529 Tusc.
176 1465 205 1544 3,
226 1465 276 1544 79,
294 1465 363 1546 71),
386 1467 439 1546 qui
460 1467 572 1530 eadem
595 1467 731 1533 servavit
753 1467 864 1531 Latine
885 1485 988 1544 versa,
1016 1468 1056 1530 dc
1077 1464 1166 1530 Oileo
1189 1486 1228 1531 ea

57 1568 178 1649 scripta
202 1568 297 1631 fuisse
321 1566 423 1630 docet.
969 1562 980 1591 ·‘

83 1732 87 1739 -
139 1692 310 1772 Proprium
334 1691 498 1773 quoddam
522 1691 632 1755 vitium
656 1694 776 1755 veteres
793 1691 1000 1768 admiserunt,
1023 1711 1095 1754 cum
1114 1711 1154 1755 ne
1174 1711 1228 1756 eas

59 1792 192 1874 quidem
233 1790 357 1855 fabulas
387 1791 463 1853 satis
500 1791 757 1868 internoverunt,
791 1808 874 1870 quae
901 1791 932 1852 in
961 1810 1026 1853 una
1057 1792 1229 1871 didascalia

58 1891 163 1955 iocum
197 1890 369 1954 habebant.
413 1890 519 1971 Atque
551 1892 586 1952 ut
615 1892 804 1971 praeceptor
832 1889 1010 1952 carissimus
1032 1891 1148 1954 Birtius
1176 1912 1228 1955 me

57 1991 204 2069 monuit,
236 2008 275 2053 ex
302 2008 341 2053 ea
372 1988 495 2052 ratione
524 1987 584 2052 hoc
615 1987 837 2069 explicandum
868 1988 942 2064 erit,
980 2009 1045 2070 qua
1075 1991 1228 2054 eiusmodi

58 2089 187 2154 tabulae
222 2089 253 2152 in
286 2088 372 2151 libris
407 2087 604 2169 conscriptae
636 2089 736 2150 erant.
791 2085 946 2150 Videntur
976 2089 1059 2150 enim
1096 2089 1230 2153 citantes

58 2188 262 2269 grammatici
293 2188 418 2269 saepius
457 2187 501 2250 ita
533 2186 652 2267 egisse,
691 2187 753 2269 ut,
777 2204 851 2248 cum
884 2185 1010 2250 fabulae
1046 2185 1117 2250 ittae
1154 2205 1231 2250 con·

57 2289 192 2353 iunctim
225 2288 256 2351 in
285 2305 350 2350 uno
377 2286 458 2350 libro
480 2285 616 2367 scriptae
638 2287 759 2361 essent,
792 2276 936 2364 neglecto
957 2285 1106 2365 singulari
1128 2285 1231 2349 indice

57 2407 130 2452 eum
155 2390 286 2450 tantum
307 2385 509 2467 inspicerent,
531 2402 597 2465 quo
618 2382 650 2444 in
674 2381 771 2445 totius
792 2382 984 2446 didascaliae
1004 2384 1106 2466 capite
1126 2386 1230 2467 prima

58 2485 187 2567 signata
210 2484 384 2566 legebatur.
423 2483 488 2546 Nec
511 2486 621 2546 tamen
644 2481 705 2544 hoc
727 2480 846 2545 factum
868 2501 934 2544 esse
951 2483 1076 2563 poterit,
1099 2485 1157 2546 nisi
1175 2483 1230 2549 ubi

58 2584 95 2648 de
135 2585 259 2667 scripto
295 2582 481 2648 laudabant.
535 2581 586 2645 Sic
619 2581 713 2659 igitur
749 2579 809 2642 sub
842 2579 1070 2660 Ἀγαμέμνονος
1101 2572 1229 2647 nomine¹

56 2686 295 2759 memorantur,
326 2701 410 2764 quae
431 2683 463 2744 in
487 2678 673 2762 Χοηφόροος
694 2680 842 2759 leguntur
863 2678 955 2759 (Poll.
977 2680 1079 2758 4‚110‚
1101 2680 1176 2744 Hes.
1199 2701 1228 2746 ν.

55 2781 227 2863 γοο·ίας)”);
266 2784 445 2862 Προμηθεῖ
462 2777 615 2861 δεσμώτῃ
638 2778 883 2854 adscribuntur,
914 2798 997 2860 quae
1023 2779 1054 2842 in
1084 2779 1229 2860 λυομένῳ

56 2883 176 2965 scripta
199 2882 329 2946 fuerunt
361 2878 489 2959 (Aesch.
518 2878 551 2943 fr.
587 2879 645 2941 189
671 2877 781 2943 Galen.
804 2877 865 2940 vol.
891 2877 956 2952 17‚1
983 2898 1011 2958 p.
1035 2879 1094 2941 879
1117 2879 1228 2960 sq.)³);

57 2979 130 3045 item
156 2976 321 3062 ὄεσμώοῃ,
346 2996 430 3060 quae
451 2979 482 3042 in
506 2998 544 3042 ea
566 2976 802 3056 non=legunrur
825 2976 875 3052 (fr.
900 2974 958 3038 187
981 2975 1078 3040 schot.
1102 2977 1230 3042 Aristid.

57 3100 84 3161 p.
96 3079 230 3160 501)⁴);
255 3098 338 3160 quae
349 3075 498 3140 Γλαύκου
509 3076 672 3156 (ποντίου)
697 3074 791 3138 fuisse
810 3073 873 3136 veri
892 3075 991 3137 simile
1009 3079 1066 3151 est,
1088 3080 1231 3157 Πέρσαις

56 3178 245 3243 tribuuntur
268 3177 396 3256 (Aesch.
419 3175 455 3239 fr.
478 3177 537 3239 inc.
558 3175 619 3238 777
642 3174 758 3238 Athen.
783 3174 802 3236 3
829 3193 859 3253 p.
881 3173 960 3249 86b3
990 3175 1026 3238 ir.
1049 3175 1110 3238 778
1131 3174 1232 3238 schol.

56 3277 213 3357 Hermog.
244 3275 276 3340 in
295 3275 394 3340 Waiz.
423 3274 516 3337 rhett.
539 3273 649 3338 Graec.
672 3272 733 3336 vot.
758 3272 791 3334 V.
819 3291 851 3353 p.
870 3270 998 3349 487)⁶),
1031 3291 1230 3354 quamquam

124 3516 155 3582 1)
177 3512 219 3569 of.
238 3514 345 3568 Welclr.
363 3514 446 3583 Trag.
466 3531 491 3582 p.
511 3513 569 3568 696.
601 3500 604 3505 ’

123 3620 156 3687 7)
179 3615 222 3678 cf.
239 3617 306 3673 uod.
326 3618 473 3672 Hermann.
492 3617 526 3670 ad
545 3616 659 3670 Aristot.
680 3616 755 3670 Poet.
775 3633 801 3684 p.
822 3615 879 3668 110.

121 3724 157 3787 3)
178 3720 218 3777 cf.
236 3719 343 3777 Nauck.
362 3722 398 3776 cd
416 3722 449 3776 tr.

121 3824 156 3888 4)
179 3821 258 3888 Quae
277 3822 298 3875 si
317 3825 392 3877 recte
410 3823 462 3876 hac
476 3822 582 3876 ratione
592 3820 770 3890 explicamus,
788 3834 859 3872 novo
869 3818 1034 3893 argumento
1044 3816 1229 3880 confirmatur,

56 3928 74 3967 ι
94 3909 198 3965 vincto
218 3907 382 3961 Prometheo
401 3907 580 3975 Aeschyteam
601 3905 741 3974 trilogiom
758 3902 898 3971 incepisse.

124 4012 157 4080 5)
179 4008 222 4065 Cf.
240 4006 346 4064 Weick.
366 4006 480 4063 Nachtr.
499 4025 525 4077 p.
545 4008 604 4072 178,
621 4006 727 4063 Nauck.
748 4007 782 4061 od
800 4006 832 4060 ir.
