2782 4554
626 230 666 298 49

55 419 191 499 Βάκχας
221 434 304 481 nnus
335 415 500 496 catalogus
529 416 674 496 exbibet3
702 415 837 497 Βάκχας
861 417 1016 500 inscripsit
1046 409 1099 502 qui
1129 416 1224 483 totins

53 517 254 601 Aeschyleae
275 518 418 599 trilogiae
441 521 664 598 argumentum
688 537 752 582 una
775 517 881 582 tabula
899 518 1034 582 absolvit
1045 518 1208 601 Euripides
1216 543 1224 600 ;
1262 552 1265 559 ·

52 621 199 697 Βακχῶν
217 637 334 681 nomen
352 636 417 683 non
434 618 610 680 infitiabere
626 617 720 699 longe
737 618 919 699 aptiusesse
933 638 1031 702 quam
1043 618 1224 682 Pentheum

51 719 93 782 ad
113 737 228 782 earum
241 717 422 781 fabularum
433 717 546 780 seriem
557 717 756 797 signandam,
778 737 861 799 quae
870 717 999 800 Dionysi
1013 736 1062 780 res
1071 718 1225 799 amplect-

50 819 203 882 ebautur.
247 817 356 898 ltaque
383 836 442 896 ego
471 817 599 897 quidem
632 811 693 880 toti
719 816 912 881 didascaliae
937 820 1078 896 Βακχῶν
1104 835 1221 881 nomen

51 918 234 994 tribuerim,
267 920 405 978 Hardea
429 917 534 997 potius
558 916 717 979 secundae
746 916 888 994 tabulae,
918 920 1015 998 atque
1038 917 1069 980 id
1092 936 1130 980 eo
1150 932 1224 997 pro·

52 1015 213 1095 habilius,
245 1016 277 1079 ni
307 1015 412 1091 fallor,
443 1015 528 1096 quod
555 1016 616 1079 lrac
646 1017 769 1080 ratione
798 1016 894 1081 etiarn
923 1017 956 1080 in
983 1015 1080 1079 titulis
1103 1017 1226 1096 trilogia

53 1117 267 1180 variationem
290 1116 431 1196 aliquam
454 1114 629 1196 praebet¹].

138 1214 257 1279 Omnia
286 1219 394 1279 antem
426 1213 505 1278 haec
538 1214 703 1297 nominass)
738 1236 795 1297 per
829 1237 863 1280 se
894 1219 982 1298 patet
1010 1216 1225 1298 grammaticis

54 1316 180 1394 deberi,
204 1317 256 1398 qui
278 1309 503 1397 argumentum
528 1333 583 1395 per
610 1317 672 1378 tres
692 1319 884 1397 quattuorve
907 1315 1031 1380 fabulas
1053 1319 1225 1381 tractatum

54 1414 269 1498 simplicitatis
299 1415 399 1494 gratia
428 1414 591 1495 principali
621 1433 686 1479 uno
715 1415 815 1478 indice
846 1420 1008 1480 notarunt.
1053 1417 1104 1479 An
1130 1417 1226 1496 putas

56 1518 192 1598 poetam
215 1533 486 1595 supervacaneum
510 1514 570 1577 hbe
591 1513 715 1593 fecisse,
744 1534 817 1578 curn
838 1515 900 1579 iam
921 1510 1023 1597 primo
1046 1515 1138 1579 titulo
1160 1517 1228 1579 tota

58 1614 184 1693 fabula,
207 1632 289 1695 quae
310 1614 476 1692 agebatur,
498 1613 573 1676 satis
591 1614 729 1678 indicata
745 1617 850 1677 esset?
871 1615 936 1678 Nec
955 1615 986 1678 id
1001 1614 1230 1678 mirnm'duces

55 1713 148 1797 quod
180 1713 288 1776 omnia
317 1713 368 1776 illa
397 1713 490 1775 unius
517 1713 662 1795 Aeschyli
694 1719 778 1776 snut.
822 1713 912 1790 Quae
941 1715 1024 1777 enim
1051 1714 1227 1797 Aeschylus

57 1811 158 1877 simul
190 1811 306 1876 edebat
336 1813 483 1877 dramata
508 1813 532 1874 si
563 1830 628 1876 non
657 1816 840 1876 constanter
865 1816 898 1876 at
919 1814 1042 1894 saepius
1062 1816 1170 1876 tamen
1195 1813 1227 1875 in

56 1913 173 1995 amplo
192 1930 256 1974 nno
274 1914 464 1990 argumento
482 1913 690 1975 versabantur
702 1932 763 1993 per
777 1915 840 1976 tres
851 1911 1012 1992 tragodias
1024 1913 1226 1986 continuat0;

57 2012 159 2078 ceteri
203 2012 359 2092 principes
401 2010 589 2091 plerumque
633 2012 716 2075 banc
761 2011 942 2075 tabularum
985 2011 1228 2093 perpetuitatem
1323 2047 1326 2053 -

56 2112 278 2193 neglexerunt.

575 2356 643 2421 par.
666 2335 715 2403 14.

149 2452 211 2515 Sed
234 2455 386 2533 qnoniam
408 2455 579 2520 identidem
604 2455 887 2539 supraRischelius
910 2455 1001 2518 nobis
1015 2454 1228 2536 respiciendus

54 2554 149 2627 erat,
187 2551 278 2614 liceat
315 2553 375 2617 lroc
406 2554 474 2618 loco
507 2557 617 2637 paucis
652 2555 883 2636 comprehensa
913 2574 951 2620 ea
980 2555 1109 2633 afferre,
1146 2572 1229 2634 quae

54 2650 198 2714 eximius
220 2651 267 2713 vir
290 2651 319 2714 ll.
343 2652 372 2715 ll.
403 2654 433 2715 in
465 2655 648 2719 universum
676 2653 717 2717 de
738 2654 980 2736 inscriptionum
1001 2653 1228 2722 variationibus

51 2747 218 2811 disseruit.

146 2844 194 2908 Ac
216 2845 353 2925 primum
377 2848 505 2928 quidem
527 2850 667 2913 evenisse
689 2849 780 2924 dicit,
803 2853 837 2913 ut
859 2869 918 2930 pro
940 2849 1080 2914 Graecae
1102 2845 1229 2911 fabulae

53 2965 78 3008 a
100 2944 218 3007 Latino
250 2950 344 3025 poeta
374 2966 543 3028 expressae
565 2948 686 3015 Graeco
715 2949 806 3013 titulo
832 2950 964 3013 Latinus
993 2941 1166 3028 poneretur
1193 2947 1228 3022 is,

56 3061 131 3122 quo
174 3040 224 3103 ille
263 3046 455 3124 verteretur3
492 3047 577 3109 velut
615 3044 739 3109 Caecilii
778 3045 929 3110 laudatur
962 3045 1162 3109 Obolostates
1200 3046 1230 3105 et

54 3140 275 3214 Faenerator,
306 3139 578 3222 Hypobolimaeus
607 3146 638 3206 et
669 3143 870 3220 Subditivns,
906 3143 1028 3206 Laberii
1056 3141 1170 3226 Scylax
1199 3144 1230 3203 et

55 3236 255 3302 Catularins
297 3236 362 3300 Nec
390 3238 494 3302 minus
516 3239 590 3302 illud
613 3239 731 3304 factam
754 3244 878 3317 monet,
908 3243 943 3302 ut
966 3240 1090 3303 inversa
1108 3239 1230 3302 ratione

55 3355 123 3418 pro
135 3334 249 3398 Latino
273 3335 373 3399 indice
393 3353 413 3397 a
435 3336 659 3416 grammaticis,
683 3338 815 3402 tortasse
835 3336 931 3400 etiam
949 3336 981 3399 in
999 3355 1081 3400 nova
1093 3335 1230 3400 editione

139 3535 163 3599 1)
190 3534 228 3588 cf.
255 3533 323 3588 llirt.
349 3537 367 3591 l.
391 3537 408 3589 l.
435 3555 461 3605 p.
485 3537 535 3590 422
559 3555 599 3605 sq.
632 3538 812 3597 »vadentem
843 3555 978 3592 summam
1009 3535 1129 3607 appetiit
1160 3533 1230 3604 (scil.

63 3619 232 3687 Aeschylus)
252 3637 312 3673 cnm
332 3621 512 3692 coniungeret
531 3623 665 3678 Phineum
683 3625 780 3679 Persas
793 3624 936 3688 Glaucum,
955 3623 1063 3677 Edonos
1072 3620 1231 3676 Bassaridas

62 3705 224 3768 Neaniscos,
245 3707 479 3775 Agamemnonem
499 3713 589 3774 (senes
608 3709 638 3764 in
657 3711 752 3778 choro)
771 3710 943 3780 Choephoros
961 3709 1150 3764 Eumenidas«

139 3790 166 3857 2)
194 3791 274 3845 Dicta
298 3797 363 3847 sunt
388 3794 437 3848 illa
454 3794 587 3866 Ὀρέστεω,
608 3798 763 3868 Λιικοιῑργεια
788 3814 804 3850 a
827 3795 965 3850 veteribus
986 3795 1129 3849 intellecto
1149 3793 1232 3847 verbo

66 3877 235 3946 τετραλογία,
262 3879 335 3945 quod
354 3879 383 3932 in
402 3879 468 3949 ipsis
485 3882 650 3936 testimoniis
668 3883 783 3952 legitur,
802 3900 852 3936 nec
870 3882 950 3935 video
968 3898 1022 3949 qua
1040 3881 1148 3934 ratione
1165 3879 1232 3932 Din-

68 3961 172 4016 dorfius
191 3965 265 4030 poet.
285 3979 353 4018 scen.
372 3965 451 4033 proll.
471 3983 497 4034 p.
514 3967 530 4020 7
548 3970 699 4022 contendat
724 3985 758 4022 ea
775 3968 849 4021 dicta
869 3983 926 4022 esse
945 3969 978 4021 ut
997 3968 1096 4021 neutra
1114 3964 1235 4034 pluralia

67 4046 215 4101 intellecto
234 4048 316 4101 verbo
334 4052 393 4120 ἔπη.

149 4175 312 4227 (mammon
552 4204 558 4217 .
614 4168 621 4180 ·
1045 4158 1064 4213 ⁴
