2782 4554
735 225 779 292 50
886 282 891 287 .

173 405 325 491 ..paranda
354 401 384 469 id
412 422 529 469 nomen
551 403 793 484 inscriberetur,
824 405 911 488 quod
932 404 1203 493 Graeciexempli
1227 411 1348 496 fuerat;

180 509 224 572 sic
239 507 330 573 enim
351 504 456 569 Plauti
475 502 700 571 Mostellariam
724 504 772 569 bis
792 504 934 570 Phasma
954 509 1141 590 nuncupari.

255 612 382 678 {Deinde
402 629 441 674 ex
459 609 572 674 Latina
594 611 759 675 comoedia
780 612 848 676 eius
869 615 1053 678 mutationis
1075 616 1223 698 exempla
1243 619 1347 700 affert,

171 730 278 795 uuam
300 711 340 775 de
355 709 482 775 »Graeca
504 709 667 789 tragoedia
683 709 753 774 iam
772 709 955 775 Welckerus
977 713 1257 796 animadverterat,
1284 737 1347 800 qua

173 809 322 873 uidemus
352 807 532 890 principalis
562 807 719 890 personae
755 828 873 873 nomen
897 809 1040 888 genuino
1065 810 1161 873 indici
1179 812 1345 889 substitui3
1370 863 1374 869 .

178 907 265 972 velut
291 926 350 989 pro
370 905 473 969 Plauti
497 905 594 969 Milite
616 905 750 985 glorioso
772 905 923 970 laudatur
944 905 1216 988 Pyrgopolinices,
1246 909 1346 993 Chry·

178 1005 265 1071 salus
286 1024 344 1086 pro
366 1001 587 1078 Bacchidibus,
609 1000 753 1067 Carisius
775 1021 834 1084 pro
847 1002 1016 1082 Vidularia,
1038 1004 1136 1086 Syrus
1158 1025 1218 1086 pro
1236 1007 1344 1073 Cistel-

178 1102 266 1167 laria.
308 1099 406 1165 Addil
428 1103 536 1164 tamen
559 1100 611 1163 vix
626 1119 764 1182 usquam
781 1101 861 1164 tales
878 1101 1069 1165 variationes
1081 1102 1184 1166 locum
1199 1103 1345 1169 habuisse

178 1199 237 1263 nisi
259 1200 292 1262 in
313 1199 521 1264 litteratorum
545 1200 638 1263 libris.

259 1298 342 1362 Tum
368 1318 445 1363 vero
471 1299 514 1362 ita
545 1317 673 1381 quoque
701 1299 781 1361 duos
805 1297 922 1361 indices
947 1300 1119 1381 utrumque
1141 1299 1291 1364 Latinum
1313 1303 1346 1366 in

171 1418 269 1464 usum
289 1399 422 1463 venisse·
434 1399 518 1478 dicit,
542 1403 577 1463 ut
594 1419 652 1481 pro
668 1397 818 1478 singulari
837 1417 973 1477 persona
987 1398 1216 1479 appellativum
1228 1419 1345 1466 nomen

176 1496 408 1563 inscriberetur.
430 1498 504 1562 ‘Sic
527 1499 610 1562 enim
633 1497 775 1573 fabulas,
799 1515 882 1577 quae
906 1499 978 1577 posl
999 1501 1114 1576 poetae
1136 1502 1272 1563 mortem
1297 1521 1347 1565 re·

176 1597 315 1662 certiore
335 1601 479 1678 tempore
502 1617 659 1661 novarum
682 1597 751 1660 loco
772 1595 878 1659 denuo
902 1597 932 1657 in
947 1615 1074 1659 scenam
1090 1598 1346 1679 proferebantur,
1382 1650 1389 1663 .<

175 1698 301 1760 mulalo
317 1692 425 1760 indice
447 1701 576 1761 vocatas
598 1716 682 1773 esse,
711 1695 798 1761 velut
819 1695 923 1758 Plauti
945 1695 1118 1760 Sortientes
1139 1717 1200 1779 pro
1220 1698 1345 1780 Casina,
1386 1746 1389 1754 -

175 1793 331 1859 Patruum
351 1795 652 1877 Pullipbagonidcm
677 1816 735 1877 pro
754 1795 907 1870 Poenulo,
931 1793 1063 1859 fortasse
1086 1798 1180 1863 eliam
1204 1799 1343 1865 Phasma
1386 1817 1389 1855 1

175 1914 234 1976 pro
261 1893 471 1967 Mostellaria;
500 1896 542 1958 sie
571 1896 666 1960 etiam
696 1894 824 1958 duobus
851 1894 949 1957 titulis
980 1895 1077 1976 iisque
1106 1897 1284 1965 coniunctis
1312 1901 1342 1963 in

174 1992 333 2074 duplicem
352 2013 453 2057 unum
474 1998 507 2057 et
524 2014 578 2059 eas
593 1996 710 2072 vocari,
725 1995 756 2058 in
771 1993 887 2075 quibus
900 1994 990 2057 alleri
1005 1995 1123 2059 nomini
1134 1997 1343 2064 distinctIonis
1385 2050 1389 2072 ,

175 2092 277 2172 gratia
306 2093 391 2155 aliud
420 2097 516 2174 poeta
546 2094 747 2174 adscripserit
776 2111 813 2155 ea
844 2092 884 2155 de
915 2111 1026 2168 causa,
1057 2093 1133 2174 quia
1164 2096 1227 2162 iam
1247 2103 1342 2164 antea
1385 2085 1389 2157 ζ

177 2189 320 2280 tabulam
344 2191 455 2255 eodem
478 2191 531 2255 illo
555 2193 867 2273 nominesignasset,
889 2192 974 2255 velut
992 2193 1023 2255 in
1035 2192 1203 2275 Pomponii
1216 2195 1342 2263 Crelula
1387 2232 1389 2256 2

175 2287 225 2351 vel
246 2288 401 2366 Petilore,
431 2289 607 2370 Haruspice
628 2291 676 2354 vel
699 2290 865 2354 Praedone
889 2291 1023 2367 rustico,
1040 2293 1084 2355 'et
1107 2311 1176 2369 eas,
1205 2316 1342 2377 quarum
1384 2351 1389 2375 ,

130 2435 131 2438 ,
173 2386 273 2451 altero
295 2387 424 2451 nomine
445 2389 577 2469 repetita
599 2389 641 2452 ab
663 2390 731 2470 ipso
748 2392 843 2470 poeta
857 2388 954 2451 editio
967 2389 1132 2467 indicetur,
1154 2392 1343 2460 utPseudo-
1384 2385 1389 2467 ζ

174 2486 351 2568 plautinam
383 2485 521 2551 Caecum
553 2488 600 2551 vel
630 2488 812 2553 Praedones
841 2488 982 2569 itemque
1013 2487 1146 2551 fortasse
1172 2489 1344 2576 Pomponii
1384 2554 1389 2576 ,ἵ

172 2583 311 2649 vaccam
333 2584 382 2649 vel
402 2584 609 2669 Marsupium.
1383 2651 1389 2666 ,,

255 2683 346 2748 Certe
376 2703 452 2748 vero
481 2687 642 2768 propriam
671 2688 835 2769 quandam
858 2687 922 2750 vim
943 2684 1140 2748 doctissimus
1161 2687 1209 2750 vir
1231 2695 1344 2756 monet

173 2785 260 2868 apud
288 2784 453 2848 Romanos
487 2783 628 2866 duplices
660 2787 881 2868 inscriptiones
912 2785 1051 2860 habere,
1089 2786 1174 2867 apud
1203 2786 1345 2852 Graecos
1381 2834 1386 2859 ,

173 2884 310 2948 comicos
332 2883 376 2950 nil
398 2879 463 2944 fere
485 2884 541 2948 nisi
563 2886 729 2949 arbitrium
752 2905 790 2950 ac
813 2885 975 2948 libidinem
1000 2884 1143 2955 valuisse.

683 3125 752 3191 par.
774 3107 824 3174 15.

250 3239 314 3304 His
343 3239 388 3304 ita
416 3241 578 3322 perpensis
606 3259 678 3304 cum
711 3240 743 3302 in
775 3240 940 3304 titulorum
971 3239 1065 3305 turba
1092 3259 1175 3322 quae
1202 3243 1346 3322 genuina
1386 3264 1389 3286 ⁶

171 3340 247 3418 sint,
268 3420 271 3425 Ι
292 3358 375 3422 quae
401 3340 520 3422 spuria
557 3341 755 3416 noverimus,
799 3341 863 3404 iam
906 3338 950 3402 rei
993 3339 1163 3417 conducet,
1209 3343 1345 3406 cunctos

172 3439 226 3521 qui
238 3442 409 3520 supersunt
425 3440 535 3505 ordine
551 3439 718 3522 dispositos
733 3440 776 3502 ita
789 3439 990 3520 perlustrare,
1012 3442 1048 3501 ut
1066 3456 1164 3521 quam
1182 3430 1344 3504 rationem

162 3541 285 3622 poetae
316 3539 347 3602 in
376 3539 580 3604 nominandis
607 3538 720 3604 tabulis
741 3539 840 3603 secuti
868 3538 930 3601 sint
952 3538 1154 3618 aliquatenus
1174 3543 1364 3619 appareat.-

171 3637 264 3717 Quod
293 3641 401 3703 autem
431 3640 470 3703 de
502 3639 563 3704 hac
595 3660 630 3703 re
659 3639 844 3704 summatim
875 3640 1000 3702 tanturn
1025 3657 1097 3702 cum
1119 3637 1344 3704 moderatione

170 3738 311 3820 quadam
348 3742 475 3819 agetur,
513 3739 601 3803 haud
636 3740 751 3803 mirum
789 3738 893 3801 duces.
954 3735 1140 3802 Cavendum
1176 3737 1262 3802 enim
1301 3757 1344 3802 ne

171 3840 290 3902 certam
325 3837 484 3917 regulam,
522 3858 606 3920 quae
635 3838 728 3902 nobis
756 3837 881 3900 videtur
910 3856 949 3899 ex
978 3835 1015 3899 iis
1047 3855 1131 3918 quae
1160 3836 1368 3925 accepimus¹

171 3935 320 4001 constitui
349 3957 457 4019 posse,
489 3938 587 4003 etiam
616 3939 720 4019 ipsum
742 3941 871 4019 poetam
892 3938 1041 4017 putemus
1064 3936 1142 4001 data
1164 3955 1263 4018 opera
1282 3936 1344 4010 sibi

170 4033 388 4116 proposuisse,
419 4051 478 4100 nec
505 4035 600 4121 quale
628 4034 793 4100 consilium
825 4033 954 4115 singulis
984 4033 1142 4098 indicibus
1171 4032 1275 4098 subsit
1298 4035 1344 4098 ad
