2782 4554
668 186 688 248 8

94 371 155 436 ata
171 366 334 432 scholhr.
348 365 405 448 llq.
423 385 453 428 v.
470 362 547 444 498)
563 364 668 444 potest
688 366 773 426 certe
796 380 835 425 ea
857 362 965 426 fabula
989 364 1138 444 inscripta
1163 365 1265 445 luisse,
1302 419 1304 428 .

97 475 198 551 quae,
224 467 249 529 si
270 483 426 547 umquam
456 464 522 540 luit,
552 463 583 523 in
611 461 724 524 eodem
746 467 937 541 argumento
959 462 1145 525 versabatur
1168 468 1265 546 atque

98 565 266 647 Euripidae
287 567 446 645 superstes
467 558 689 643 Ἡρακλεῖδαι;
711 579 788 624 narn
809 561 842 623 in
861 581 899 625 ea
918 561 1049 624 actionis
1063 561 1265 645 aliquantum

96 685 196 749 penes
223 663 343 727 lolaum
373 666 420 727 est
431 662 466 742 ¹).
511 659 635 723 Tamen
664 678 729 723 non
758 660 864 723 minus
892 660 991 741 possit
1014 657 1133 732 Ἰόλαος
1154 663 1265 725 eodem

97 769 259 846 spectare,
305 781 369 845 quo
410 759 546 842 Ἰφικλῆς
588 757 693 841 (quod
737 778 856 823 nomen
898 758 1028 823 subesse
1067 759 1193 824 videtur
1230 761 1264 825 fr.
1304 750 1309 829 l

98 864 158 929 ,⁶392
189 861 288 926 schol.
317 861 414 942 Soph.
442 858 551 939 Oedip.
574 856 641 922 Col.
663 876 692 921 ν.
715 858 791 935 793,
819 858 874 922 ubi
900 858 999 922 fertur
1029 859 1065 920 ἐν
1086 856 1264 943 ’lprcrclelprl¹

98 981 239 1046 quocum
274 960 372 1024 etiarn
401 976 608 1040 personarum
642 956 796 1020 affinitate
826 957 1032 1021 coniunctum
1063 960 1124 1033 est;
1162 956 1264 1022 Iolaus

99 1063 184 1126 enim
212 1060 335 1142 Iphiclis
363 1058 455 1122 filius
498 1057 706 1138 Quamquam
732 1056 771 1120 de
800 1057 894 1121 huius
922 1057 1059 1120 nominis
1086 1057 1265 1121 testimonio

100 1161 176 1245 quid
208 1158 403 1224 censendum
432 1158 471 1220 sit
499 1157 645 1221 nondum
674 1157 784 1240 liquet.
832 1157 914 1221 Nam
952 1158 1039 1239 quod
1067 1157 1205 1220 traditur
1233 1156 1266 1218 ἐν

96 1259 257 1342 Ἰφικλείᾳ,
267 1257 316 1321 alii
329 1257 364 1318 ἐν
373 1255 506 1337 Ἰφικλεῖ
511 1255 534 1317 α’
546 1257 656 1336 legunt
665 1273 769 1336 neque
778 1255 866 1319 illum
881 1274 976 1336 quem
988 1256 1050 1319 dixi
1060 1255 1209 1336 Iphiclem
1221 1257 1265 1319 in·

100 1359 253 1439 tellegunt
276 1363 313 1419 ut
336 1355 519 1436 tragoediae
540 1355 646 1418 minus
668 1357 791 1438 aptum,
816 1356 872 1419 sed
894 1355 1058 1437 lphiclunr,
1084 1355 1216 1436 Phylaci
1237 1358 1266 1418 et

101 1458 275 1541 Clymenae
297 1455 408 1532 filium,
429 1459 555 1536 patrem
574 1454 724 1518 Podarcis
741 1457 772 1517 et
783 1453 957 1532 Protesilai,
979 1455 1018 1518 de
1036 1475 1100 1536 quo
1120 1460 1267 1522 narratur
1309 1470 1311 1478 '

101 1557 195 1621 Hom.
213 1551 272 1618 Oil.
289 1553 310 1618 l.
327 1553 378 1617 Xl.
398 1573 426 1616 v.
440 1554 500 1617 286
519 1553 639 1636 sqq.⁹];
662 1553 712 1618 alii
735 1553 831 1616 etiarn
854 1553 889 1615 ἐν
910 1553 1080 1637 Ἰφιγενείᾳ
1100 1554 1266 1635 legendum

102 1652 277 1732 censent).
323 1653 367 1717 At
397 1672 474 1716 num
504 1652 636 1716 omniuo
666 1651 792 1717 medela
821 1656 893 1733 eget
922 1652 999 1717 illud
1028 1654 1064 1715 ἐν
1092 1655 1267 1740 Ἰφικλείᾳὶ)

100 1755 215 1821 Statim
235 1752 319 1817 enim
338 1751 394 1815 libi
412 1752 600 1816 didascalica
616 1752 748 1816 nomina
766 1752 853 1818 velut
869 1752 1048 1834 Ὀρέστεια,
1073 1751 1269 1818 Οἰδιπόδεω

100 1857 131 1919 in
162 1856 303 1917 mentem
330 1854 507 1915 occurrent.
553 1851 616 1915 Sed
637 1871 678 1915 ne
702 1852 870 1915 videamur
891 1852 1080 1916 coniecturis
1109 1853 1269 1935 delectari,

101 1956 265 2019 mittamus
294 1951 389 2029 haec,
419 1950 597 2032 dequibus
621 1951 748 2015 aliunde
774 1953 907 2016 fortasse
935 1951 1047 2016 clarior
1075 1954 1167 2016 nobis
1197 1973 1271 2036 cog·

99 2053 177 2118 nitio
199 2052 312 2117 veniet.

620 2232 690 2298 par.
713 2214 744 2281 3.

183 2332 292 2396 Pauca
319 2330 474 2394 hocloco
503 2331 543 2394 de
571 2332 608 2394 iis
634 2332 731 2397 titulis
758 2332 878 2397 addere
899 2333 1009 2410 liceat,
1041 2352 1179 2414 quorum
1204 2354 1291 2399 uon·

99 2437 166 2496 tam
188 2431 229 2494 de
249 2431 312 2494 fide
335 2430 547 2494 dubitandum
564 2435 621 2512 est,
643 2451 742 2514 quam
760 2433 925 2496 nominum
942 2433 1131 2514 scripturam
1145 2438 1271 2498 veteres

101 2532 274 2594 variarunt.
312 2529 420 2610 Atque
443 2531 474 2592 in
494 2531 654 2594 nonnullis
676 2551 751 2595 cum
771 2531 814 2595 nil
836 2533 896 2596 nisi
917 2551 983 2597 una
1004 2531 1145 2596 alterave
1165 2533 1271 2598 littera

101 2630 225 2708 mutata
247 2627 304 2704 sit,
318 2623 511 2691 ¹minutiores
532 2634 610 2693 sunt
631 2630 788 2695 scribendi
811 2631 1052 2712 discrepantiae,
1073 2632 1159 2695 velut
1181 2634 1270 2715 quod

98 2725 257 2790 Ἀλωοῖδαι
292 2733 325 2789 et
360 2724 527 2789 Ἀλευάδαι
563 2749 621 2810 pro
649 2729 848 2812 baddam),
887 2729 1022 2814 Ἁλείτης
1054 2751 1113 2814 pro
1141 2730 1271 2815 Ἀλήτης

102 2828 223 2891 dictum
256 2828 322 2901 est;
354 2825 531 2891 cuiusmodi
560 2829 636 2893 vitia
664 2830 692 2892 ei
720 2829 843 2893 dicendi
875 2830 945 2893 usui
975 2830 1135 2894 tribuendi
1164 2838 1269 2912 erunt,

101 2946 167 3008 quo
193 2924 367 3007 posteriore
395 2929 502 2989 aetate
522 2926 663 2992 Graecae
692 2928 817 3010 linguae
841 2928 963 2994 formae
984 2931 1268 3011 degeneraverunt.

102 3026 152 3090 Ad
189 3026 291 3107 ipsam
328 3023 471 3089 fabulam
503 3027 744 3091 describendam
776 3027 808 3090 id
837 3031 963 3092 tantum
993 3031 1145 3112 pertinet,
1181 3032 1268 3113 quod

40 3129 42 3132 ⁴
101 3124 277 3205 Aeschylea
305 3123 541 3207 dcxcvovtnor'l)
578 3127 610 3191 in
645 3128 793 3209 catalogo
825 3132 953 3194 mutata
983 3131 1173 3213 etymologia
1205 3131 1269 3194 δικ-

102 3228 253 3305 τυουργοί
270 3224 372 3288 audit.

177 3372 202 3439 i)
227 3371 267 3426 cf.
287 3370 393 3426 Welclr.
417 3367 498 3441 Trag.
522 3390 549 3441 p.
569 3372 636 3443 3733
661 3391 773 3444 prorsus
798 3391 860 3430 eam
884 3375 1003 3430 reiciunt
1027 3377 1147 3432 Dindort'
1162 3380 1180 3436 l.
1200 3381 1219 3434 l.
1237 3382 1270 3435 ad

103 3457 186 3528 Soph.
205 3459 238 3511 fr.
257 3457 335 3522 slah,
353 3456 461 3512 Nauck.
480 3459 515 3512 ad
535 3459 567 3512 fr.
586 3460 646 3513 278.

172 3545 200 3610 2)
220 3543 338 3600 Boeckh.
356 3545 449 3600 Graec.
469 3549 542 3616 trag.
563 3546 679 3616 princip.
699 3565 725 3616 p.
744 3549 806 3619 1293
826 3548 933 3604 Welck.
952 3550 1034 3619 Trag.
1054 3568 1080 3619 p.
1099 3551 1156 3605 430.

173 3632 200 3699 3)
219 3631 252 3684 V.
270 3630 377 3686 Nauck.
396 3631 413 3685 l.
436 3632 454 3685 l.
474 3633 509 3685 ad
529 3632 562 3688 fr.
581 3632 646 3697 292,
670 3634 882 3703 improbabilius
905 3637 971 3704 quia
987 3639 1089 3700 tamen,
1110 3641 1143 3690 ut
1162 3639 1265 3693 Welck.

102 3718 120 3771 l.
140 3717 158 3772 l.
177 3720 284 3782 monet,
311 3735 365 3772 uon
389 3720 459 3772 solet
483 3736 500 3772 a
523 3720 685 3790 gramaticis
702 3721 832 3776 nobiliori
847 3723 952 3777 nomini
971 3723 1113 3778 obscurius
1132 3725 1268 3779 substitui.

112 3867 114 3871 ¹
169 3805 197 3871 4)
217 3804 256 3858 ef.
275 3805 318 3859 Fr.
334 3805 429 3859 Vater.
454 3805 505 3859 Die
524 3806 666 3861 Aleuaden
685 3809 732 3862 des
752 3808 900 3878 Sophocles
919 3811 1007 3864 Berol.
1027 3813 1110 3876 1835;
1135 3814 1270 3874 Ἀλευάδας

102 3904 193 3944 veram
213 3888 377 3959 scripturam
400 3908 457 3946 esse
475 3892 576 3946 statuit
595 3893 702 3947 Welck.
721 3894 802 3964 Trag.
822 3897 872 3950 lot
890 3914 929 3964 sq.
949 3900 1006 3952 not.
1024 3897 1049 3951 2.

92 4029 94 4033 .
171 3979 200 4043 5)
225 3976 304 4031 Hunc
327 3994 384 4031 esse
409 3980 512 4031 rectam
538 3979 616 4032 tituli
640 3980 754 4034 formam
774 3998 862 4050 eoque
883 3983 937 4037 dici
956 3983 1106 4052 piscatores
1124 3983 1270 4053 Seriphius,

98 4063 128 4116 in
149 4079 266 4130 quorum
283 4063 355 4118 retia
373 4065 469 4119 Danae
488 4082 548 4119 oum
568 4066 667 4121 Perseo
686 4069 813 4137 exposita
832 4069 978 4135 inciderat,
999 4069 1191 4140 comprobavit
1203 4071 1270 4126 God.

32 4238 90 4280 hs
