2782 4554
647 251 685 317 13

90 444 138 506 ed
166 444 310 505 veterum
342 435 523 502 testimonia
552 433 732 498 audiamus,
789 428 998 496 Gravissimus
1027 428 1118 494 locus
1144 433 1247 496 exstat

90 543 164 623 ,pud
195 541 312 605 Athen.
340 540 359 602 8
394 559 425 620 p.
447 535 534 600 3651)
573 531 774 598 σύνδειπνον
809 529 933 612 εἴρηκεν
967 529 1023 593 ἐπὶ
1059 535 1247 612 συμποσίου

90 646 260 713 συσίοις-
273 639 389 717 διόπερ
406 639 491 708 τινὲς
511 633 565 695 καὶ
587 633 625 695 νδ
642 629 841 713 Σοφοκλέους
863 629 976 711 δρᾶμα
994 630 1078 693 κοινοὶ
1099 630 1137 694 νδ
1158 631 1248 695 ούδέ-

90 764 174 822 ιερον
202 737 394 821 ἐπιγράφειν
426 735 556 810 οἷξιούσι
591 730 806 808 σύνδειπνον,
840 731 926 795 unde
959 735 1068 814 aperte
1100 733 1248 799 discimus

90 840 252 922 Sophoclei
280 839 373 902 huius
401 835 501 911 tituli,
526 853 621 915 quem
654 832 783 914 quidem
804 831 991 896 Athenaeus
1012 835 1116 910 norat,
1140 835 1250 914 genui-

91 960 159 1005 nam
207 939 342 1001 formam
393 954 458 997 non
506 931 682 996 neutralem
727 929 941 1010 σύνδειπνον,
990 933 1045 997 sed
1096 935 1252 1017 pluralem

97 1040 293 1104 masculinam
308 1036 524 1104 συνδείπνους
540 1032 642 1109 luisse,
654 1049 753 1112 quam
768 1031 850 1095 idem
863 1030 1049 1096 Athenaeus
1065 1033 1253 1116 aliquotiens

101 1139 239 1220 perhibet.
295 1136 385 1213 Quae
418 1137 525 1197 autem
555 1131 597 1193 ab
628 1150 693 1193 uno
724 1151 761 1193 eo
794 1131 890 1194 semel
913 1132 945 1210 (1
970 1152 1001 1213 p.
1025 1133 1100 1212 17d,
1123 1134 1160 1198 fr.
1184 1137 1252 1217 141)

105 1239 237 1301 laudatur
248 1235 378 1314 Ἀχαιῶν
396 1230 605 1308 σύνδειπνον,
620 1230 672 1293 vix
683 1230 813 1310 negabis
826 1231 961 1293 eandem
975 1250 1041 1295 esse
1057 1237 1155 1316 atque
1172 1255 1255 1318 quae

107 1337 184 1417 vulgo
212 1334 393 1416 simpliciter
422 1329 622 1394 σύνδειπνον
651 1329 779 1403 dicitur3
812 1331 896 1393 certe
930 1335 1061 1413 propter
1087 1333 1256 1397 notionum

109 1435 302 1498 diversitatem
324 1452 452 1514 prorsus
469 1430 531 1495 alia
551 1429 610 1492 fuit
631 1432 729 1510 atque
738 1428 869 1507 Ἀχαιῶν
884 1424 1045 1509 σύλλογος,
1066 1432 1155 1495 cuius
1167 1434 1255 1514 apud

111 1532 177 1597 hunc
203 1532 387 1614 scriptorem
417 1531 538 1595 mentio
566 1547 632 1591 non
663 1529 707 1590 fir.
756 1527 822 1590 lam
851 1547 927 1592 vero
953 1528 1130 1612 Hesychius
1159 1532 1256 1595 semel

113 1632 138 1708 (2
150 1652 175 1713 p.
194 1632 270 1707 511,
293 1630 328 1692 lr.
354 1629 430 1708 125)
462 1626 677 1698 συνδείπνους
700 1630 870 1703 memorat,
903 1628 1000 1691 semel
1024 1628 1053 1708 (1
1076 1650 1108 1711 p.
1130 1631 1198 1707 117,
1222 1631 1258 1695 lr.

115 1730 168 1808 111)
188 1722 384 1794 σύνδεὶπνον
394 1729 436 1806 ¹),
458 1727 589 1805 Ἀχαιῶν
620 1723 821 1789 σύνδειπνον
850 1745 1029 1807 nusquam,
1060 1731 1109 1792 ter
1129 1728 1260 1808 Ἀχοιιοῖν

115 1827 247 1910 σύλλογον
269 1832 301 1892 et
323 1827 420 1892 semel
443 1825 579 1890 eandem
603 1822 767 1903 σύλλογον.
818 1824 965 1890 Diversas
993 1826 1089 1908 igitur
1117 1829 1199 1892 inter
1225 1850 1259 1893 se

116 1927 177 1992 duas
207 1928 333 1992 fabulas
372 1927 466 1991 etiam
494 1924 670 2007 Hesychius
698 1922 877 2002 distinguit,
914 1942 1015 1988 unam
1047 1925 1262 2002 συνδείπνους

116 2025 293 2110 inscriptam,
340 2044 437 2107 quam
480 2024 529 2087 alii
567 2023 669 2086 indice
705 2022 745 2086 ad
783 2022 886 2104 ipsum
925 2021 1052 2088 fabulae
1090 2044 1261 2105 argumen-

117 2126 167 2187 tum
197 2125 397 2189 conformato
437 2120 654 2200 σύνδειπνον,
691 2120 742 2183 ε111
778 2121 892 2198 etiam,
931 2140 995 2203 quo
1034 2124 1146 2187 certior
1180 2129 1263 2189 esset

118 2220 265 2306 inscriptio,
289 2223 398 2286 addito
418 2221 614 2285 Achivorum
641 2219 770 2282 nomine
792 2217 924 2297 Ἀχαιῶν
947 2219 1146 2284 σύνδειπνον
1166 2244 1262 2289 voca-

118 2317 191 2397 bunt,
220 2323 353 2385 alteram
375 2320 506 2399 Ἀχοιιῶν
528 2315 683 2398 σύλλογον
704 2316 753 2381 vel
777 2315 941 2398 σύλλογον.
995 2319 1042 2383 En
1073 2325 1181 2386 autem
1210 2343 1262 2387 ex-

118 2422 327 2498 optatissimum
343 2421 435 2484 nobis
452 2418 605 2483 auxilium
622 2436 712 2481 exea
731 2418 853 2481 ratione
861 2419 955 2495 venit,
978 2438 1074 2500 quam
1087 2420 1263 2504 Hesychius

90 2508 92 2559 l
119 2515 141 2576 in
158 2521 261 2583 ceteris
289 2518 468 2599 duplicibus
490 2517 587 2580 titulis
616 2516 766 2598 sequitur.
820 2515 943 2579 Etenim
972 2517 1042 2598 lego
1074 2520 1162 2600 apud
1188 2541 1261 2585 eum

119 2622 158 2680 aul
177 2620 285 2700 plenos
303 2637 356 2681 eos
375 2621 528 2693 servatos,
549 2619 616 2692 aut,
635 2614 689 2678 ubi
703 2615 803 2679 altera
815 2618 941 2678 tantum
955 2615 1086 2698 duplicis
1097 2619 1177 2682 tituli
1189 2639 1265 2701 pars

120 2713 237 2796 affertur,
261 2717 396 2781 eandem
420 2719 528 2779 tamen
561 2715 681 2797 ubique
705 2734 772 2778 esse
803 2714 989 2778 adhibitam.
1028 2716 1139 2799 ltaque
1164 2718 1195 2782 in
1217 2720 1266 2783 his

121 2813 227 2897 tabulis,
259 2815 436 2899 Hesychius
461 2814 547 2896 quod
579 2814 675 2878 modo
707 2813 768 2878 hoc
798 2813 893 2877 modo
922 2813 975 2878 illo
1006 2816 1136 2880 nomine
1157 2819 1266 2896 utitur,

122 2925 164 2974 nec
182 2915 246 2995 ipse
260 2934 319 2979 nec
329 2918 442 2978 auctor
464 2914 530 2977 eius
552 2932 650 2977 unam
671 2913 871 2992 eandemque
893 2933 962 2977 esse
982 2915 1128 2995 putabat.
1163 2915 1268 2981 Simile

122 3007 218 3092 aliquid
234 3012 366 3076 fortasse
384 3013 478 3075 etiam
496 3013 682 3075 Athenaeus
700 3011 837 3088 doceret,
853 3012 912 3074 nisi
925 3031 1044 3093 omnes,
1064 3015 1119 3096 qui
1138 3015 1268 3097 quidem

123 3107 492 3195 tragicorumprincipum
515 3114 606 3189 sunt,
628 3111 769 3191 duplices
794 3110 873 3174 tituli
896 3113 994 3176 semel
1017 3117 1142 3177 tantum
1166 3134 1203 3179 ac
1227 3135 1268 3179 ne

124 3204 188 3282 pleni
210 3211 340 3293 quidem
362 3212 458 3275 abeo
478 3211 646 3274 memorati
665 3214 779 3274 essent.
818 3209 883 3274 Neo
906 3211 1005 3291 magis
1030 3232 1067 3276 ex
1090 3216 1268 3278 ceterorum

124 3309 295 3390 scriptorum
311 3310 386 3374 locis
405 3310 583 3393 quidquam
599 3309 751 3372 extricare
768 3308 847 3372 licet.
883 3308 1022 3373 Omnino
1040 3315 1147 3374 autem
1170 3331 1268 3394 quam

124 3408 316 3480 periculosum
344 3411 386 3473 sit
418 3427 518 3473 novos
558 3407 655 3471 etiarn
692 3406 834 3488 duplices
869 3408 978 3471 titulos
1014 3409 1151 3487 efficere,
1189 3410 1270 3474 infra

90 3582 92 3593 Ι
126 3498 188 3582 (par.
209 3508 260 3586 10)
283 3526 520 3590 cognoscemus.
562 3506 670 3589 Atque
695 3506 859 3588 praeclare
887 3511 1016 3572 nostrae
1038 3509 1271 3573 ratiocinationi

90 3598 92 3669 l
125 3607 268 3683 convenit,
299 3608 385 3690 quod
415 3607 555 3670 diversas
586 3605 679 3668 luisse
708 3603 833 3668 fabulas
863 3605 928 3669 iam
958 3608 1014 3672 viri
1042 3609 1074 3671 in
1095 3608 1145 3671 his
1176 3608 1272 3672 rebus

90 3720 92 3725 ·
123 3704 281 3779 peritissimi
299 3706 361 3770 alia
378 3704 429 3769 via
445 3704 523 3768 inita
537 3704 784 3785 comprobarunt
796 3702 831 3783 ⁹).
847 3738 884 3748 -
904 3704 1023 3770 Eadem
1038 3706 1161 3770 ratione
1175 3706 1272 3787 vulgo

124 3804 300 3821 *—

179 3859 202 3927 1)
222 3859 282 3914 Nisi
301 3858 400 3929 potius,
419 3858 492 3926 quod
511 3858 569 3912 ood.
588 3857 717 3927 praebet,
734 3859 864 3934 συνδειπφ
882 3861 1021 3930 genitivus
1048 3860 1163 3932 pluralis
1193 3878 1271 3915 casus

120 3946 263 3999 σύνδειπνον
281 3949 330 3999 est.

177 4031 205 4095 2)
223 4029 329 4086 Welclr.
347 4028 429 4096 Trag.
448 4045 475 4098 p.
495 4027 545 4082 110
562 4046 631 4097 sqq,
649 4029 765 4084 Sohoell.
786 4029 802 4083 l.
823 4031 840 4086 l.
861 4049 886 4099 p.
905 4030 956 4085 255
975 4048 1043 4098 sqq,
1064 4034 1116 4087 etsi
1135 4035 1170 4087 de
1189 4051 1271 4101 urgu-

115 4116 208 4169 mentis
226 4115 401 4183 aliquantum
420 4112 493 4166 iuter
514 4131 543 4166 se
560 4114 754 4184 discrepantes.
