2782 4554
707 208 748 276 36

150 384 309 476 ριζοτόμοι
324 389 466 467 vocatur,
487 388 583 453 semel
597 388 717 462 Πελίας
730 387 911 454 inscribitur
932 386 1321 472 (subaudiendus.

148 489 181 551 in
203 485 380 570 Hippocr.).
432 488 477 550 De
499 484 625 570 Πηλεύς
644 490 675 550 et
698 483 890 566 Φθιώτιδες,
913 506 1048 570 quarum
1073 487 1126 551 illa
1145 492 1318 569 quattuor·

149 585 270 674 decim,
301 585 382 648 baec
413 588 563 665 quattuor
590 585 666 648 locis
694 585 807 666 (idque
830 587 925 647 etiam
953 584 1038 666 apud
1066 585 1195 648 eosdem
1220 588 1317 669 scrip·

98 702 108 739 ,·
148 683 248 759 tores)
279 684 485 759 memoratur,
514 703 627 764 parurn
656 683 762 747 adbuc
789 683 905 764 liquet;
935 701 1046 760 parum
1068 682 1166 764 liquet
1187 685 1316 762 scilicet,

148 800 284 864 quorum
310 782 476 861 poetarum
502 784 557 843 ant
580 780 668 842 euius
691 779 748 841 has
771 777 896 842 tabulas
918 779 1002 841 dicat
1023 779 1208 845 Aristoteles
1231 787 1315 864 poet.

148 897 175 942 c.
190 879 267 955 183.
311 878 380 940 Non
405 878 506 957 magis
529 880 617 958 patet
640 875 804 966 quomodo
823 873 972 947 Δόλοπες
992 880 1023 939 et
1040 881 1155 953 Φοῖνιξ
1178 881 1263 945 inter
1282 902 1316 945 se

147 978 298 1056 habeant,
320 977 455 1058 quiade
478 978 671 1056 argumentis
694 995 802 1038 eorum
826 976 934 1038 omnia
956 977 1074 1040 incerta
1096 981 1213 1057 sunt¹).
1251 982 1315 1045 Nec

148 1076 187 1138 de
208 1075 363 1156 Euripidis
385 1071 505 1144 Συλεύς
527 1078 559 1136 et
580 1074 929 1155 deploratquidquam
947 1076 1118 1154 constan).
1164 1078 1313 1142 Eiusdem

148 1176 255 1237 auteur
295 1174 442 1253 Κρῆσσαι
478 1176 507 1233 et
546 1175 690 1251 Θυέστης
725 1171 871 1234 videntur
908 1173 991 1234 duae
1028 1174 1132 1253 potius
1160 1175 1315 1239 diversae

39 1316 42 1321 -
147 1271 280 1347 fuissessl.

229 1368 401 1448 His'igitur
419 1369 601 1431 nominibus
620 1364 758 1427 breviter
775 1362 973 1446 perlustratis
990 1365 1064 1445 quid
1084 1367 1147 1430 iam
1163 1369 1316 1469 emergit?

145 1466 265 1548 Aperte
287 1464 357 1541 boc,
380 1465 410 1527 in
435 1465 526 1527 nullis
549 1482 658 1526 eorum
683 1462 799 1524 debere
822 1462 946 1525 tilulum
970 1464 1126 1545 duplicem
1147 1466 1254 1542 fuisse,
1276 1485 1316 1531 ue

55 1600 56 1604 =
146 1583 237 1645 posse
268 1563 396 1643 quidem
428 1563 457 1624 in
487 1561 654 1624 nonnullis.
699 1560 744 1622 llli
774 1564 900 1636 alitem,
930 1579 1010 1641 quos
1037 1581 1135 1643 supra
1163 1564 1314 1645 adscripsi

145 1678 292 1741 quosque
313 1664 414 1723 certos
435 1679 502 1722 esse
524 1660 629 1722 adbuc
651 1659 808 1732 duximus,
831 1677 905 1720 num
929 1678 1040 1721 omncs
1059 1660 1144 1722 onrni
1164 1680 1204 1723 ex
1224 1665 1314 1741 parte

145 1758 221 1821 certi
247 1760 344 1820 suut?
388 1753 483 1820 Haud
513 1757 612 1819 levem
646 1755 720 1818 milri
751 1755 879 1836 quidem
911 1757 993 1818 inter
1021 1775 1074 1818 eos
1102 1757 1312 1838 suspicionem

145 1872 246 1935 usque
269 1855 383 1932 movit,
412 1855 466 1935 qui
494 1855 593 1917 fertur
613 1851 735 1932 θεωροὶ
755 1848 778 1935 ἢ
797 1852 1053 1932 Ἰσθμιαστωῖ41
1096 1852 1208 1930 Qualis
1230 1855 1313 1918 enim

146 1954 224 2016 haec
247 1955 422 2035 inscriptio,
452 1972 516 2034 qua
539 1953 719 2017 incredibile
739 1953 831 2040 nobis
854 1955 884 2016 id
907 1954 1116 2028 obtrudatur,
1137 1950 1205 2016 duo
1227 1954 1314 2017 clrori

144 2052 276 2113 nomina
297 2054 424 2131 poetam
443 2050 570 2115 t'abulae
584 2050 742 2125 indidisse,
767 2051 978 2113 incredibilius
1000 2069 1048 2125 eo,
1070 2051 1157 2131 qrrod
1177 2055 1314 2132 utroque

145 2166 256 2211 eorum
291 2148 403 2210 eadem
437 2167 486 2210 res
515 2146 719 2225 significatur.
769 2147 849 2210 Nam
881 2147 1041 2227 duplicum
1072 2148 1312 2230 inscriptionum

58 2303 61 2309 .
144 2246 228 2308 ratio
255 2245 281 2307 si
310 2246 418 2327 aliqua
442 2262 583 2326 unquam
612 2244 686 2318 fuit,
716 2264 755 2308 ea
777 2245 926 2307 nimirum
950 2245 1043 2308 luisse
1065 2245 1177 2323 debet,
1208 2251 1246 2309 ut
1268 2247 1313 2309 in·

144 2341 244 2422 signia
266 2342 331 2404 duo
349 2361 450 2424 eaque
469 2343 592 2406 diversa
607 2341 738 2403 nomina
756 2342 817 2403 vim
838 2343 995 2405 sociarent
1011 2343 1053 2405 ad
1073 2342 1201 2406 tabulae
1218 2362 1314 2424 argu·

145 2441 287 2502 mentum
311 2459 349 2502 ex
371 2439 495 2503 duabus
511 2437 657 2520 partibus
670 2457 769 2519 quam
786 2439 965 2519 planissime
977 2439 1312 2505 circumscribendum.

144 2536 232 2600 Haec
262 2542 367 2601 autem
399 2537 463 2599 duo
491 2555 553 2599 non
586 2539 651 2598 tam
681 2536 777 2616 ipsius
807 2534 950 2615 tabulae,
980 2554 1077 2617 quam
1105 2536 1201 2600 unius
1226 2538 1313 2602 clrori

144 2634 275 2696 nomina
295 2639 369 2697 sunt
391 2633 521 2716 eiusque
544 2634 657 2714 priore,
679 2636 715 2696 ut
731 2633 946 2715 philosophice
964 2634 1079 2711 dicam,
1100 2654 1204 2714 genus
1222 2641 1313 2700 nota·

144 2733 203 2807 tur,
226 2731 327 2792 altero
349 2731 476 2812 species.
511 2731 588 2793 ltern
612 2731 743 2794 tortasse
765 2736 813 2794 re‘s
834 2751 868 2794 se
892 2731 989 2794 habet
1011 2732 1041 2794 in
1065 2750 1112 2809 eo,
1135 2733 1191 2813 qui
1214 2732 1314 2796 fertur

142 2826 237 2906 'Apycl
257 2825 277 2911 'l
296 2827 480 2906 κωπαστής,
503 2828 601 2891 modo
614 2825 795 2910 ’κωπαστής
816 2848 853 2891 eo
876 2846 971 2892 sensu
993 2829 1092 2911 accipi
1114 2829 1223 2910 possit,
1247 2850 1312 2912 quo

142 2944 240 3005 supra
263 2926 346 3006 (pag.
366 2927 415 3004 11)
437 2926 609 2988 indicatum
633 2930 687 2988 est.

228 3021 331 3085 Sentis
369 3023 431 3084 iam
466 3042 530 3104 quo
563 3024 704 3086 tendam.
759 3023 825 3085 Aut
858 3023 941 3085 enirn
976 3023 1099 3103 egregie
1133 3024 1225 3088 fallor
1256 3029 1312 3089 aul

143 3118 355 3183 dubitandum
385 3125 450 3199 est,
481 3139 559 3182 num
592 3120 732 3201 duplices
763 3120 844 3183 tituli
876 3120 918 3182 ab
949 3120 1036 3193 initio
1061 3120 1176 3185 luerint
1194 3122 1312 3251 131)ιέ118

216 3273 241 3338 1)
261 3272 434 3328 Adumbrare
454 3291 486 3328 ea
505 3274 628 3344 suscepit
644 3275 808 3329 Welclrerus
826 3276 907 3344 Trug.
929 3295 953 3344 p.
974 3277 1023 3329 140
1041 3293 1100 3344 sqq.
1116 3300 1120 3305 ·

217 3358 244 3423 2)
266 3359 304 3412 Cf.
322 3359 468 3414 Wellrerus
488 3360 578 3414 Prom.
597 3379 623 3430 p.
642 3362 698 3424 506,
721 3361 837 3416 Nachlr.
856 3380 874 3430 p
891 3361 950 3424 302,
969 3361 1123 3415 Wilanrow.
1142 3360 1160 3414 1.
1179 3361 1198 3415 1.
1216 3378 1244 3431 p.
1255 3363 1313 3416 159.

212 3445 240 3508 3)
259 3444 298 3499 Cf.
318 3446 466 3500 Hermann.
486 3447 528 3500 ed.
547 3447 611 3501 Eur.
631 3448 703 3517 Cycl.
722 3449 807 3517 praef.
827 3466 855 3516 p.
869 3448 944 3512 XIV,
963 3448 1118 3501 Wilumow.
1138 3448 1156 3501 1.
1175 3447 1195 3500 1.
1216 3466 1242 3517 p.
1256 3449 1313 3503 153.

211 3531 239 3601 4)
264 3530 304 3583 De
334 3530 475 3585 nominum
504 3548 587 3606 sensu
617 3533 650 3587 ct.
676 3533 784 3587 Wclclr.
812 3533 927 3590 Nachtr.
954 3552 980 3603 p.
1009 3535 1053 3587 131
1081 3550 1136 3602 sq.‚
1169 3534 1219 3599 qui
1250 3551 1313 3589 cum

140 3616 320 3676 Ἰσθμιαυιαῒς
337 3617 444 3669 conteri
462 3616 620 3685 Antruorde,
646 3620 819 3683 Πυθιαστάς,
844 3620 878 3672 acl
903 3637 958 3672 reru
979 3619 1085 3673 conferi
1103 3618 1189 3672 Thuc.
1209 3618 1271 3682 8,1ll
1287 3622 1315 3672 lv

141 3700 168 3751 cle
184 3703 266 3769 τούτῳ
284 3703 317 3751 ‘ru'
330 3702 437 3762 ’Ἰσθμια
457 3708 570 3769 ἐγίγνετο
588 3707 628 3755 nul
645 3707 670 3756 οἱ
684 3706 827 3774 Ἀθηναῖοι,
848 3708 1045 3774 ε’πηγγιλθηοιυ
1062 3706 1124 3772 γάρ,
1142 3705 1271 3777 ἐθεώρουν
1289 3709 1315 3764 lc

140 3786 216 3839 αὐτά.
260 3786 314 3840 (lur
339 3792 432 3840 autem
457 3807 519 3842 cum
546 3790 652 3844 Welclr.
679 3791 767 3845 Prom.
793 3809 820 3858 p.
847 3792 897 3842 3:39
922 3797 978 3843 not.
1004 3790 1055 3844 592
1080 3788 1184 3860 θεωρῶ
1210 3807 1312 3844 nomen

141 3874 299 3938 corruptum
319 3890 376 3926 esse
396 3878 538 3943 putemus,
564 3877 642 3929 nullu
666 3894 750 3930 causa
770 3880 826 3940 est;
853 3894 916 3928 narn
938 3877 1010 3943 quod
1029 3877 1058 3929 iu
1077 3875 1205 3944 catologo
1225 3875 1312 3930 codex

136 3946 251 4008 ‘exhibet
265 3958 394 4027 θεόδωροι,
414 3978 447 4013 ex
467 3961 529 4014 aliis
548 3960 622 4024 locis,
640 3962 688 4028 qui
707 3962 779 4014 hunc
798 3962 918 4014 tribulam
940 3962 1102 4025 uremcrant,
1120 3960 1191 4014 actis
1204 3964 1312 4016 certum

139 4037 273 4092 medelum
291 4040 401 4110 accipit.
